2822 4133
551 284 2149 129 vᴖre. Et et vous aurez plainemēt entendu la verite de Dieu que la ſuiviez

560 360 2165 122 en toute abeissance, cōme vᴖre zele neﬅ pas de rebeller a lencōtre: mays de

554 423 2147 128 humblemēt et avec toute benignite la recepvoyr. Toutefoys madame,

551 516 2181 124 devāt que cōmēcer je vous prye ne vouloir cōcepvoir de moy quelque ſuſpition

523 578 2174 145 que je face cecy eﬅant ſuſcite ꝑ aulcūs de voz domeﬅicques, ou pour

557 681 2159 108 favorizer a ꝑſōnne aulcune ꝑticuliere. Car je vous puys teﬅifier devāt

546 762 2186 115 Dieu que je le faiz ſans en eﬅre requys de pſōnne. Et meſmet cōme je

564 854 2152 110 vous ay deſia aſſeure ladvertiſſement ma eﬅe faict ꝑ gens paſſans, qui

576 934 2165 124 ne penſoient poīt que jeusse moyen de vous eſcripre. Daultrepart jaymeroys

576 1014 2156 136 mieulx eﬅre confundu en abyſme que de deﬅourner la verite de Dieu pour

569 1104 2149 112 la faire ſervir a haine au faveur de creature quelquōque. Mays ce qui me

569 1196 2161 108 faict parler eﬅ que je ne puys tolerer que la parole de Dieu vous ſoit ainſi

574 1274 2121 112 ̶c̶h̶ cachee, ꝑvertie, corrūpue et depravee en choſes tant neceſſaires par

576 1357 2151 105 ceux auſquelz vous avez quelque fiance et donnez auctorite. Touchant de

578 1428 2080 124 maiﬅre Francoys, qᴖnt jen diray ſobremēt ce qui-- men eﬅ certain, pour vous

567 1517 2133 110 advertir de ne vous trop fier en ſa doctrine, je ne doibs craindre quil vous

578 1588 2126 143 puiſſe venir quelque maulvaise opinion cōme ſi ꝑ haine ou envye ſur

583 1666 2126 141 le perſonaige jen parloys. Car je nay matiere ne occaſion de avoir envie

580 1728 2145 157 aulcune ſur tout ce quil a. Et la haine que je luy ay juſques a ceﬅe

587 1813 2042 150 heure porte, ceﬅ que jay touſiours tache de tout mō pouvoir a ledifier en

585 1887 2142 151 bien. Mays qᴖnt jappecoys quelquun ꝑ maulvaiſe conſciēce rēverſer la parole du

585 1970 2147 163 ſeigneur er eﬅaindre la lumiere de verite, je ne luy pourroys nullemēt ꝑdonner

562 2048 2048 153 et feuﬅ il cent foys mō propre pere. De ceﬅ hōme jcy jay congneu par

592 2114 2018 154 longue experiēce que tant peu que Dieu luy a donne dintelligence de ſon,

597 2192 2151 177 eſcripture, il la touſiours faict ſervir a ſon profit et ambition la preſchant

601 2289 2044 147 qᴖnt il voyoit eﬅre expedient a ſon avarice, la renōceant īcōtinēt quelle luy

590 2378 2046 138 tournoit a facheries. Et pourtant toutefoys et qᴖtes quil a eu auditeurs

603 2447 2083 154 ꝑſonaiges de credit pour le porter et riches pour luy remplire ſon biſſac ou ſa

594 2539 2108 138 bourſe, leſquelz le requeroiēt de donner gloire a Dieu, il y a mys peine pour

594 2612 2113 145 leur ſatiſfaire en leur vendant bien touſiours ſa parole. Daultrepart ſil

613 2700 1894 140 y eﬅ advenu quelques troubles de perſecutions, il avoit touſiours ſon

597 2798 2084 129 renōcemēt preﬅ pour en eſchapper. Tellemēt que on ne peult congnoiﬅre en

601 2867 2099 150 luy ſinon que la parole ſaincte & ſacree de Dieu luy eﬅ en jeu et mocquerie:

590 2936 2041 172 daultant quil la tourne ainſi en farce jouāt maītenāt ung perſonaige,

613 3021 2119 154 maītenāt laultre, ſelon le paſſetemps quon y prent. De ſa vie je ne y touche

613 3104 1990 147 point, ſinon quelle ſeroit a deſirer meilleure en ung miniﬅre de la

617 3177 2064 150 parolle. Je ſcay madame que loffice dūg hōme chreﬅian neﬅ pas de

608 3262 2124 147 detracter a ſon prochain. Ce que je nay voulu faire. Car ſi je me feuſſe

624 3343 2122 149 eﬅudie a mal dire, javoys bien aultre choſe ſur luy que je diſſimule. Mays

2239 1870 90 72 --

252 3152 237 136 preſcheur
