2822 4133
528 284 2133 120 noﬅre ſeigneur ne veult pas que qᴖnt nous voyons ung loup, ſoubz apparēce et

523 362 2149 117 couleur de paﬅeur dissipant ſon tropeau, nous nous taiſiont de paour de mal

532 445 2136 112 parler de luy. Plus toﬅ il nous cōmande de deſcouvrir la ꝑverſite de ceux

539 516 2175 131 qui cōme peﬅes corrūpent et depravēt ſon eſglᴖe. Et de moy, je ne tenteroys pas

521 608 2188 117 ce moyen jcy, ſi je vovoys quelque meilleur remede reputant la mortelle furie

516 691 2103 110 de telles gens que je provocque envers moy. Car je nay aujourdhuy ſi

518 762 2166 115 grand querre a ꝑſonnes, que ----------- a ceux qui ſoubz umbre

514 849 2172 106 de levāgile caphardent envers les princes, les entretenāt touſiours ꝑ leurs

514 925 2151 105 finneſſes et cauteles enveloppez en quelque nuee ſans les mener au droict

512 1003 2137 124 but. Mays que y feroys je aultre choſe? ſi je me adreſſe a eux, je voys

514 1095 2186 108 leur cour eﬅre tellemēt deſnue de toute craīte de Dieu, que ce ne leur eﬅ que

509 1171 2129 121 fable de ſon jugemēt. Mays qᴖnt je les deſcrips telz quilz ſont pour les faire

514 1260 2105 103 congnoiﬅre a ce quilz ne puiſſe plus abuſer. je trouve que ꝑ ce moyen ilz

509 1334 2168 126 ſont mieulx empeſchez de plus ſeduire et abuſer. De ceﬅuy cy jay ſouvētefoys

498 1412 2209 119 tache de le reduire en bōns voye: iuſques a luy faire cōfeſſer ſon iniquite: cōbien

513 1491 2133 127 que īpudēment il la voulut exsuſer devāt les hōmes eﬅant cōnaīcu en ſa

514 1591 2186 101 conſcience devāt Dieu. Neantmoyns avec une horrible obﬅination et durete

514 1664 2161 120 de ceur ſi perſeveroit il de dire quil ne laisseroit pas de faire ce que il

509 1751 2166 115 congnoiſſoit eﬅre maulvays. ſinon que une foys apres avoir veu quelque mien

509 1830 2092 121 traicte, avec groſſes īprecations il proteﬅa que jaymays naſſiﬅeroit a la

514 1919 2158 119 meſſe pour la grande abomination que ceﬅoit. Mays je congnoissoys ſi bien mon

509 2004 2133 115 hōme que je neﬅimoys gueres plus ſon juremēt que le chant dune pie.

509 2087 2166 117 Pourtant Madame ſi je ne le vouloyt laiſſer ꝑſeverer a mal faire au

505 2174 2137 103 grand detrimēt de vous et du peuple de Dieu je ſuys cōtrainct de vous

489 2252 2190 103 adreſſer mō advertiſſemēt, voyant que envers luy il ne profiteroit de rien. Ce

507 2330 2195 110 que je vous ay dict de luy eﬅ tant certain que je ne vueil pas que foy y ſoit

503 2400 2112 121 adiouﬅee, ſinon que vous layez pᴖmieremēt experimēte. Car ſi vous y prenez

505 2502 2206 108 garde vous congnoiﬅrez a loeil quil ne preſche la parole de Dieu ſinon en tant

507 2573 2200 127 quil penſe vous gratifier pour attraper bᴖnfices & aultres proyes et cependāt

498 2668 1322 98 de ne deſplaire a aulcun qui luy puiſſe nuire.

502 2734 2131 124 Maītenāt Madame laiſſant le perſonaige je viens a la matiere preſente.

509 2812 2149 115 Je vous donne a entendre que la Meſſe neﬅ pas ſi meſchante ne abominable

505 2886 2135 103 quil ne luy ſoit loyſible de la dire et aux fidelēt de louir. Tellemēt

525 2955 1982 105 que ceux qui en font conſcience tout ꝑturbateurs de leſglᴖe, ſuſcitans

492 3023 2192 138 ſcandales entre les īfermes, leſquelz il nous eﬅ cōmande de ſupporter. Quāt

495 3111 2145 115 au premier point, je doubte ſi je me y doibs arreﬅer, daultant que

498 3187 2165 112 jeﬅime cela vous eﬅre tant reſolu, que la meſſe eﬅ ung ſacrilege le

502 3271 2159 97 plus axecrable que lon puiſſe penſer, que je crains de me faire ridicule

495 3354 2198 94 envers vous, mectant poine a prouver une choſe qui ne vous ſoit nullemēt doubteuſe.

486 3421 2055 117 Et auſſi la briefvete dune lᴖre ne ſcauroit comprendre ce qui eﬅ ſuffiſant pour
