2826 4128
103 155 915 104 Calvin à Madame de Ferrare

176 270 271 83 Traduitte

479 366 2145 129 Madame je vous ſupplie humblemēt de vouloir prendre en bōne part la

495 467 2179 106 hardieſſe que jay eu de vous eſcripre ces preſentes : eﬅimāt que ſil y a eu en cela

500 541 2133 98 trop grande ſimplicite, elle ne procede pas tant de temerite ne oultremidance,

555 605 2085 121 que de pure et vraye affection de vous faire ſeruice en n῀re ſeigneur. Car

504 685 2104 108 combien que je me recōgnoiſſe fort īntile ſeruiteur de leſg῀ſe : toutefoys il ma

504 765 2156 117 eﬅe aduys expedient de me employer en ceﬅ endroict ſelon la grace que le

504 839 2209 135 ſeigneur ma faicte. Et meſmes ay penſe quil meﬅoit neceſſaire d'ainſi faire, ſi je

461 926 2163 106 me vouloys acquiter de mō debuoir. Non ſeulemēt pource que ie me ſent oblige

506 983 2129 131 enuert vous de procurer en ce quil meﬅ poſſible et en ce qui eﬅ de mō office

511 1066 2113 133 v῀re bien et proſict. Combien que cela ſeul eﬅ affez ſ ̶a̶uffiſant por me mouuoir,

513 1135 2140 137 mays pource que conſiderāt leﬅat & preeminēce ou le ſeigneur nous a conﬅitue,

509 1220 2117 130 il me ſemble que nous tous, leſquelz le ſeigneur ꝑ ſa bonte a appelle pour eﬅre

511 1284 2156 165 miniﬅres de ſa ſaincte parole, deuant auoir en ſinguliere recōmandation de nous

506 1376 2147 137 employer enuers vous, daultant que beaucoup plus que perſones priuees vous

522 1449 2207 165 pouuez promouoir et aduācer le regne de Jeſuſchriﬅ. Daduātaige jay congneu

506 1536 2209 154 en vous vne telle crainte de Dieu et fidele affection a luy obeir, que meſme

506 1625 2115 147 la haulteſſe oﬅee, quil vous a donne entre les hōmes, jay en eﬅime les

506 1690 2113 174 graces quil a miſes en vous juſques la, que je me penſeroys mauldict ſi je

516 1781 2195 161 omectoys les occations de vous ſeruir et proficter, q῀t elles me ſeroiēt preſentes.

529 1853 2134 169 Ce que certes je dys ſans aulcune flaterie ne fainctiſe : mays en ſincerite de

516 1924 2133 181 cueur et ꝑlant cōme deuāt celluy qui congnoit toutes noz ſecretes penſees.

488 2015 2138 176 Madame par  ̶d̶e̶u̶x̶ bons ꝑſonaiges qui ſont jcy paſſez en diuers jours,

956 2036 224 83 ̶p̶l̶u̶ﬅ̶s̶

1015 2033 231 89 aulcūs

499 2146 251 83 jauoys

497 2100 2117 168 ̶j̶a̶y̶ entendu cōment maiﬅre Francoys, lequel vous auez ordonne pour preſcheur en

520 2180 1998 177 v῀re maiſon, apres ſe eﬅre aﬅfez bien acquite en predications au prys que on

520 2263 2177 170 pouuoit attendre de luy, vous auoit perſuade quil ne ſeroit pas mauluays apres

516 2343 2172 181 auoir ouy la meſſe de faire quelque cōmunion laquelle ſeruit de la cene de

520 2428 1902 165 n῀re ſeigneur. Ce qui ne feuﬅ pas trouue bon de quelquune de voz

511 2508 2156 184 damoiſelles, laquelle, ſelon la congnoiſſance quelle auoit receu de Dieu

516 2584 2160 174 ne voulſit cōtre ſa cōſcience attenter ce quelle penſoit eﬅre mauluays. Et

1807 2645 351 76 la purſuite

522 2674 2145 169 que a ceﬅe cauſe  ̶c̶e̶r̶t̶a̶i̶n̶e̶s̶ ̶d̶e̶ ̶v̶o̶z̶ ̶d̶a̶m̶e̶ﬅ̶i̶c̶q̶u̶e̶s̶, a  ̶l̶i̶n̶ﬅ̶i̶g̶a̶t̶i̶o̶n̶ dud maiﬅre

1256 2758 138 59 eﬅre

520 2772 2193 149 Francoys, auoit-- aulcūement deﬅourne d'elle le bon vouloir, que auez acouﬅume

488 2848 2175 151 de luy porter, dont les choſes ſont demeurees en ce point que vous eﬅes

2275 2903 151 65 ---

522 2924 2086 167 ̶d̶e̶m̶e̶u̶r̶e̶e̶ īformee,  ̶q̶u̶e̶ tous ceux qui font cōme elle, ne debuoir eﬅre

142 3089 199 94 ſupportez

532 3004 2170 165 ſupportez, daultant que ꝑ leur īportunite ilz engendrēt ſcandales ſans ꝑpos

142 3157 250 97 au pryx de

518 3093 2048 140 entre les fideles. Parquoy jugeant que  ̶p̶y̶ choſe de ſi grande

863 3178 286 72 neﬅois a

529 3178 2147 138 conſequēce  ̶j̶e̶ ̶n̶e̶ ̶d̶o̶i̶b̶s̶ diſſimuler, voyant que on vous donnoit les choſēs

532 3265 2158 124 a entendre aultremēt quelles ne ſont, ſelon quil a pleu au ſeigneur de me

527 3343 1945 115 reueler de ſon eſcripture, |  ̶j̶a̶y̶ ̶b̶i̶e̶n̶ oſer entreprendre de vous en

123 3426 349 91 jauays penſe de

127 3464 413 99 vous co῀nicquer ce que

502 3412 2182 117 oppoſer fidelement ce que jen congnoys : affin que apres le iugemēt ſoit

123 3522 365 90 le ſeigneur mauoit

506 3501 457 83 donne dintelligence

299 3546 210 76 matiere

128 3559 842 108 en ceﬅe  ̶e̶-̶-̶-̶-̶i̶c̶t̶. Mays cōme jeﬅays

130 3594 1019 124 en ſuſpens et en doubte de ce faire, jay

128 3696 367 85 eﬅe aduerty, de

527 3650 686 111 la paix de Madame de Pons

130 3733 1124 103 que deſiriez treſfort den eﬅre plus amplement

144 3772 1119 124 ītruicte : daultāt que entre tant de difficultez q῀

151 3797 2499 165 voyez, dūe part et daultre il vous eﬅ bien difficile de vous bien reſouldre. Ce meſſaige ma encores plus

493 3884 915 120 conferme en mō propos de  ̶ſ̶-̶-̶-̶a̶n̶
