2822 4133
578 241 2170 110 ſil eﬅ vray ce que jay entendu, quil veult faire a croire ceﬅ affaire eﬅre de

589 289 2143 127 ſi legiere īportance que les eſglᴖes dallemaigne nen prennēt point de debat,

500 365 2211 101 ayās que les unes laiſſent & ꝑmectre les aultres avoir la meſſe: en cela il

590 417 2085 124 faict ung grand tort & īiure aux eſglᴖes de Dieu leur īpoſant une choſe qᴖ

594 484 2092 126 vous congnoiﬅrez eﬅre faulſe qᴖnt vᴖre plaiſir ſera de vous en enquerir. Car

590 557 2160 127 non ſeulemēt entre toutes les eſglᴖes leſquelles ont receu levāgile mays entre

590 617 2149 138 tous les ꝑticuliers ceﬅ article eﬅ reſolu, Que labomination de la Messe ne

587 686 2083 142 ſe doibt endurer. Et de cela Capito, qui eﬅ lūg de ceux qui tachent fort a

557 764 2085 129 moderer les choſes, a nagueres eſcript ung libvre, lequel il deſdie au Roy

599 835 2124 143 Dangleterre, ou il enſeigne que ceﬅ loffice des princes Chreﬅiens de oﬅer de

585 909 2115 140 leurs pays une jdolatrie tant execrable ſilz veulēt faire eour debvoir cōme il

597 985 2130 142 appartient. Brief il my a aujourdhuy nul hōme de renom qui ne ſoit de ceﬅ accord.

589 1047 2136 165 Puys doncques Madame quil a pleu a ce bon ſeigneur Dieu ꝑ ſa miſericorde

592 1150 2124 135 īfinie de vous viſiter ꝑ la congnoiſſance de ſon nom et vous illuminer en la

594 1226 2092 135 verite de ſon ſainct evāgile, recongnoissez vᴖre vocation a laquelle il vous

606 1299 2144 136 apelle. Car il nous a retire des abyſmes de tenebres ou nous eﬅions detenuz captifz

615 1375 2135 145 affin que ſuivions droictemēt ſa lumiere ſans decliner ne ca ne la. Et qᴖ de plus en

610 1455 2145 131 plus nous cherchions deﬅre inﬅruictz de luy en profitāt plus abūdammēt en ceﬅe

606 1520 2156 167 ſaincte ſapience de laquelle il nous a baille quelques cōmēcement. Et ſur tout

610 1600 2127 156 nous bien garder de reﬅraindre ſon eſperit cōme font ceux qui fermēt les yeulx

606 1656 2174 190 et les aureilles a la verite evidentes, eﬅans contens de jgnorer ce que le ſeigneur

617 1754 2117 156 leur veult faire congnoiﬅre. Ce neﬅ pas ainſi quil nous fault faire de paour qᴖ

633 1839 2127 158 le ſeigneur ne puniſſe ung tel cōtemnemēt et īgratitude en nous: mays plus toﬅ

631 1919 2147 154 avons a nous eﬅudier de profiter touſiours en leſchole de ce bon maiﬅre juſques a tāt

1819 1990 937 104 qui ſera qᴖnt nous ſeront deſpouillez

634 1987 1181 182 que serons venuz a ꝑfection en ſa doctrine,

638 2066 2133 161 de ceﬅe chair peſante et terriēne, pryant avec le bon David, quil nous enſeigne

626 2144 2129 165 a faire ſa volūte. Certes ſi nous y procedons de ce zele et affection, il nous conduira

624 2208 2122 184 tellement que il ne nous laiſſera eſgarez du droict chemin. Et encores quil y ayt

623 2286 2123 162 quelques reliques dignorance en nous, il nous en dōnera plus ample revelation qᴖnt il

626 2353 2150 161 ſera de meﬅier, ſelon quil le congnoit mieulx que nous. Le principal eﬅ de cōgnoiﬅre

610 2429 2168 142 cōment ſa ſaincte doctrine doibt fructifier en nous. Ceﬅ quelle nous tranſforme deſperit

620 2490 2136 165 & de ceur tellemēt que ſa gloire reluiſe en nous Laquelle giﬅ en īnocence integrite

651 2559 2112 172 et ſainctete. ſi cela ny eﬅ nous prenons bien le nom de Dieu en vain en nous glorifiāt

640 2640 2120 161 de la congnoiſſance de ſon evangile. Cela ne dis je pas, pour vous admoneﬅer de

640 2725 2106 149 faire ce que vous ne facies de preſent : mays affin que loevre de Dieu qui eﬅ cōmēce

658 2779 2074 165 en vous de jour en jour ſoit conferme. ſeulemēt je vous prye cōme jay du

1423 2848 196 65 ma

161 2121 138 927 A Madame de Ferrare

656 2851 2035 168 cōmēcemēt faict de pardonner a -- ſimplicite. ſi ceﬅ vᴖre plaiſir deﬅre plus

303 2128 138 937 qui la faiſoit aller a la messe

441 2049 103 1005 pas aller coᴖe cōntre ſcandaleux. Jl y est

375 2073 100 995 et lincitoit cōtre ceux qui ne vouloyent

499 2063 100 998 amplement traite des choſes licites

544 2045 117 1030 et nō licites. Et cōment jl fault fuyr les ſcādales

634 2924 2115 179 amplemēt inﬅruicte en ceﬅe matiere principallement cōment une ꝑſonne

620 2986 2036 189 Chreﬅienne ſe doibt gouverner qᴖnt aux ſcanduales,  je tacheray ſelon que le

638 3072 2069 174 ſeigneur ma donner de vous en ſatiſfaire. Ce pendant je vous envoys

592 3134 2171 182 une epiﬅre laquelle y eﬅ propre cōme vous verrez ſi vous leﬅimez tant

634 3196 2129 193 que de y vouloir employer quelques heures de vᴖre plaiſir. Et dadvātaige ung

647 3299 2113 145 petit libvret que jay nagueres faict, lequel cōme jeſpere ſelon ſa briefvete

654 3382 2122 147 vous pourra ſervir de quelque cōſolation daultāt quil contiēt aſſez ample doctrine.

230 2087 155 988 Cōtre ung certain aumoſnier mᴖe Francois
