2822 4133
541 296 2111 115 remplir ung gros libvre. Toutefoys je vous en toucheray en brief et cōme en

546 355 2085 129 passant, affin que nen puiſſiez avoir aulcune doubte. En tant que la meſſe

541 424 2095 140 eﬅ dun ſacrifice, ordonne des hōmes pour la redemption et ſalut de vifz et des

537 512 2101 110 morts cōme leur canon le porte: ceﬅ ung blaſpheme ītolerable par lequel la

569 580 2103 136 paſſion de Jeſuſchriﬅ en rēverſee, cōme ſi elle navoit eu nul efficace. Car

541 658 2134 138 ce que nous diſons les fideles avoir eﬅe rachaptez ꝑ le ſang de Jeſus, avoir

541 734 2175 154 obtenu ꝑ jcelluy remiſſion de leurs pechez, juﬅice et eſperāce de vie eternelle.

548 822 2154 137 Cela ſe doibt entendre pour tant que ce bon ſaulveur en ſe offrant au pere et

548 890 2168 159 ſe expoſant a eﬅre īmoles, ſeﬅ offert ſoymeſmes en ſacrifice eternel par lequel

523 978 2163 140 noz jniquitez ont eﬅe purgees et nectoiees, nous receuz en la gᴖce du pere et

546 1044 2041 161 en la ꝑticipation de lheritaige celeﬅe, cōme lapoﬅre le declaire aſſez

553 1129 2069 154 amplemēt en leſpᴖre aux hebrieux. ſi doncque la mort de Jeſus neﬅ

551 1200 2165 159 recongneue pour ung ſacrifice unicque qui ayt eﬅe une foys pour toutes faict

564 1274 2131 186 affin davoir une vertu eternelle, que luy reﬅe il plus, ſinon de eﬅre effacee

557 1350 2138 188 cōme de nulle efficace ; ſe ſcay bien que ces mēteurs  ̶p̶r̶e̶ﬅ̶r̶e̶s̶ diſent

567 1439 2151 165 pour couvrir leur abomination. Quils font le meſmes ſacrifice qᴖ Jeſus a faict.

557 1522 2124 167 Mays de cela ſenſuivēt pluſieurs blaſphemes. Car il ne pouvoit eﬅre faict

576 1616 2142 149 ſinon ꝑ luy meſmes. Et lapoﬅre dict que ſil eﬅ maītenāt ſacrifie, quil

546 1692 2140 156 fault quil ſouffre encores. Pourtant vous pouvez voir quil fault lūg des deux,

560 1772 2128 136 ou recongnoiﬅre lhorrible blaſpheme de la meſſe et le deteﬅer, ou en lapprouvant

567 1846 2147 158 mectre ſoubs le pied la croix de Jeſus. Combien elle eﬅ cōtraire a la cene de

551 1914 2102 173 Chriﬅ je vous le laiſſe a conſiderer en vous meſmes apres que aurez leu aux

567 1990 2137 161 eſriptures linﬅitution dicelle. Mays la grande execration qui ſe y cōmect, eﬅ

564 2077 2113 143 lidolatrie quon y faict adorant pur dieu une creature. Ce qui eﬅ du tout

554 2135 2133 176 īexcuſable. Ces choses conſiderees, adviſons cōment on la peult ne dire ne

578 2215 2115 163 ouir ſans offenſer griefvemēt Dieu en coᴖicant a tant dabominations. Car

568 2283 1988 186 que pouvōs nous pretendre, que nous ne ſoyons juﬅemēt arguez davoir

580 2364 2138 191 conſenty a toutes telles jniquitez puys que nous les recepvōs avec plus grand honeur

569 2454 2073 161 et reverēce que la parolle de Dieu : ſi vous voulez entendre cōmēt cela

578 2497 2144 199 plaiﬅ au ſeigneur Dieu, jl le declaire par ſon prophete Ezechiel au 20 chapᴖre,

574 2601 2082 165 ou il denōce au peuple diſraël quil les ayme mieulx plainemēt idolatres

137 2780 391 106 Jtx par laultre

583 2670 2142 174 cōme les gentilz, que ilz meﬅrent ſon nom ꝑmy le nom de leurs jdoles cōme

130 2827 435 110 prophete diſant quil

585 2741 2140 175 voulant moyenner entre ſes ordōnances ꝑ leſquelles il vouloit eﬅre ſervy: et

130 2886 431 93 diſſipera tous ceux qui

578 2810 2175 186 leurs folles īvētions ꝑ leſquelles ils vouloiēt decliner de ſa parolle [.] ſi quelquun

130 2910 583 127 jᴖrēt en ſon nom le recōgnoiſſant

130 2920 1206 162 pour leur Dieu, et dautre part testifient en avoir aultre qᴖ luy

592 2882 2119 197 obiecte quil ne peult chaloir des  choſes exterieures, meſque le cueur ſoit droict

130 3030 395 99 en adorēt aultre qᴖ

133 3083 275 113 luy seulemēt

571 2951 2161 200 ꝑ dedans : a cela nᴖre ſeigneur reſpons, quil veult eﬅre glorifie en nᴖtre corps lequel

583 3026 2149 172 il a rachapte ꝑ ſon ſang, quil requiert de nous conffeſſion de bouche, et que toute

583 3099 2112 175 les ꝑties de nous ſōient cōſacrees a ſon honeur: neﬅant aulcūemēt cōtaminees

596 3172 2098 203 ne pollues par les choſes qui luy ſont deplaiſantes. Mays pource que cecy ſeroit

599 3260 2128 181 long a traicter cōme il appartient,  ̶j̶a̶y̶ ̶m̶i̶e̶u̶l̶x̶ ̶a̶y̶m̶e̶ ̶v̶o̶u̶s̶ ̶e̶n̶ ̶e̶n̶v̶o̶y̶e̶r̶ ̶u̶n̶g̶ ̶t̶r̶a̶i̶c̶t̶e̶

610 3347 2099 179 ̶q̶u̶i̶ ̶j̶e̶n̶ ̶a̶y̶ ̶f̶a̶i̶c̶t̶ ̶e̶x̶p̶r̶e̶ſ̶ſ̶e̶m̶ē̶t̶,̶ ̶v̶o̶y̶ā̶t̶ ̶c̶o̶m̶b̶i̶e̶n̶ ̶d̶e̶ ̶g̶e̶n̶s̶ ̶a̶u̶j̶o̶u̶r̶d̶h̶u̶y̶  ̶y̶ ̶ ̶e̶ﬅ̶a̶i̶ē̶t̶ ̶a̶b̶u̶ſ̶e̶z̶
