2822 4133
565 127 523 127 pour plus ample īﬅruction

447 185 946 99 vous aurez vᴖre dre recoᴖrs au traicte ou

424 250 2145 101 ̶J̶e̶ ̶v̶o̶u̶s̶ ̶ſ̶u̶p̶p̶l̶i̶e̶ ̶M̶a̶d̶a̶m̶e̶ ̶q̶u̶e̶ ̶q̶ᴖ̶n̶t̶ ̶v̶o̶u̶s̶ ̶a̶u̶r̶e̶z̶ ̶l̶o̶y̶ſ̶i̶r̶,̶ ̶q̶u̶e̶ ̶v̶o̶u̶s̶ ̶y̶ ̶v̶e̶u̶i̶l̶l̶e̶z̶ ̶b̶i̶e̶n̶

454 306 2192 110 ̶p̶o̶u̶r̶ ̶p̶l̶u̶s̶ ̶a̶m̶p̶l̶e̶ ̶ī̶ﬅ̶r̶u̶c̶t̶i̶o̶n̶ ̶d̶e̶ ̶c̶e̶ﬅ̶e̶ ̶m̶a̶t̶i̶e̶r̶e̶,̶ ̶C̶a̶r̶ jeſpere que vous y trouverrez aſſez de

452 378 2140 101 raiſon pour en eﬅre ſatiſfaicte. [ Reﬅe le ſcandale par lequel vᴖre aulmonier

93 440 348 155 apres avoir entēdu

451 427 1323 141 dict que les conſciences infirmes ſont troublees,

44 526 421 118 la volūte de dieu

452 516 2133 106 la meſſe en tel horreur quil ne ſe y vueille ne trouver ne rēcontrer. Mays il

64 594 273 101 dōnez cōſeil

452 583 2200 119 conſidere point que aux choſēs qui nous ſont cōmandees de Dieu ou defendues, qᴖnt

447 658 2166 108 tout le monde ſen debvroit offenſer quil ne fault neantmoyns oultrepaſſer ſen

450 727 2220 122 ordōnances. Ce qui nous eﬅ cōmande de ſupporter noz freres īfirmes, en ne faiſant

459 808 2186 112 choſe qui les puiſſe bleſſer ou offenſer, neﬅ qᴖnt aux choſēs moyennes, leſquelles nous

447 881 2218 126 ſont īdifferētes et ꝑmiſēs en nᴖre liberte: cōme toute leſcripture porte. Dadvātaige

413 957 2188 108 tant ce qui nous eﬅ cōmande de ne ſcandalizer nᴖre prochain tend a ce but, de

447 1024 2202 126 ledifier en bien cōme ſ. paul mōﬅre au 15  des Romains. Jl ſenſuit doncques quil

454 1095 2195 135 rne luy fault cōplaire ez choſes qui ne tendent point a ſon edification, mays a

450 1166 2146 149 ſa ruine. Et de cela nous en avons la doctrine de ſ. paul en la pᴖmiere aux

447 1244 2189 135 Corinthiēs. Chap. 8 et. 10. ou il dict que ſi par quelque chose exterieure qᴖ nous faciōs

459 1322 2105 133 nᴖre prochain eﬅ edifie a mal faire, combien quil ny ayt pas qᴖnt a nous maulvaise

456 1384 2154 163 conſcience, que en cela nous pechons cōtre Dieu et perdont nᴖre frere. Cōme voicy

450 1467 2156 151 nous ſcavōs la meſſe eﬅre mauldicte et execrable. Nous y aſſiﬅons pour cōtenter les

454 1540 2156 145 jgnorans, ceux qui nous y voiēt aſſiﬅer entendēt que nous lapprouvōs et enſuivēt nᴖre

454 1604 2223 190 exēple. ſ. paul repute cela ung gros crime combien que nen faciōs nulle difficulte

459 1717 2170 140 Parquoy madame je vous prye ne ꝑmectre que ſoubz le nom de ſcandale on vous

459 1779 2149 168 abuſe. Car il ny a ſcandale au monde plus ꝑnitieux que qᴖnt nᴖre frere Cheﬅien

451 1849 2122 172 ꝑ nᴖre exemple trebuche en Ruine, et eﬅ pᴖcipite en erreur. ſi nous voulons

459 1949 2078 131 eviter tout ſcandale il fault chaſſer jeſuſchriﬅ arriere de nous. Lequel eﬅ la

461 2015 2135 143 pierre doffenſe a laquelle la plus part du monde choppe et trebuſche. Et

463 2084 2159 173 meſmes a eﬅe ainſi en ſcandale aux juifz et Jſraelites, pour leſquelz il eﬅoit

447 2152 2182 196 envoye. Cōme touſiours une grand ꝑtie de ceﬅe nation la ſeﬅ oſſeuſee en ſon

445 2254 2174 161 Dieu. Jl nous fault doncques tenir ceﬅe riegle. Que qᴖnt aux choſes cōmandees

456 2335 2180 153 ou defendues de Dieu, il eﬅ tant neceſſaire de les faire ou ſen abﬅenir, quil

468 2406 2135 154 ne fault eﬅre deſmeu de ſon obeiſſance pour offenſe de tout le monde. Or puys

451 2466 2181 189 que ainſi eﬅ que Chriﬅ et ſon evāgile eﬅ en ſcandale aux malings, il ne

475 2555 2178 179 ſault attendre que ſi nous le voulons ſuivre, ilz ſe ſcandaliſeront touſiours en

456 2633 2072 156 nous. Quāt aux choſes qui nous ſont libvres et moyennes ceﬅadire qᴖ nous

463 2709 2150 184 pouvōs ſelon lopportunite faire ou omectre, il nous fault acōmoder a noz freres

472 2772 2126 183 Chreﬅiens affin que nᴖre liberte ſoit ſubiecte a dilection. Et en cela encores

461 2844 2171 197 fault il regarder de tellemēt ſupporter leur īfirmite quilz ſoyent edifiez en

454 2924 2188 172 Dieu. Car ſi par nᴖre exemple nous les amenōs et attirons a faire choſe quilz

463 3010 2092 156 penſent eﬅre maulvaiſe, nous ſōmes cauſes  de leur ꝑdition. Jl y en a bien

470 3102 2126 130 peu qui ayēt quelque gouﬅ de la verite de Dieu, qui ne cōgnoiſſēt en ꝑtie

463 3173 2147 135 liniquite de la meſſe. En la congnoiſſant, ilz̶ eﬅ īpoſſible quilz ne deſirēt a la

454 3251 2117 131 fouir. Eﬅans en tel ſcrupule et doubte qᴖt ilz nous y voiēt cōmunicquer ilz

447 3317 2154 124 ſuivēt nᴖre exemple ſans en eﬅre aultremēt reſoluz. Voila le pire ſcandale

437 3371 2198 155 qui puiſſe advenir : daultant que leurs conſciences ſont navrees & bleſſees a mal.

1774 430 827 121 ſi quelqung eﬅime fidele a
