<?xml version="1.0" encoding="UTF-8"?>
<alto xmlns:xsi="http://www.w3.org/2001/XMLSchema-instance"
      xmlns="http://www.loc.gov/standards/alto/ns-v4#"
      xsi:schemaLocation="http://www.loc.gov/standards/alto/ns-v4# http://www.loc.gov/standards/alto/v4/alto-4-2.xsd">
  <Description>
    <MeasurementUnit>pixel</MeasurementUnit>
    <sourceImageInformation>
      <fileName>MmeFallais1543_01.jpeg</fileName>
      
    </sourceImageInformation>
  </Description>
  
  <Tags>
    <OtherTag ID="BT16575" LABEL="MarginTextZone" DESCRIPTION="block type MarginTextZone"/><OtherTag ID="BT16576" LABEL="DamageZone" DESCRIPTION="block type DamageZone"/><OtherTag ID="BT16577" LABEL="DigitizationArtefactZone" DESCRIPTION="block type DigitizationArtefactZone"/><OtherTag ID="BT16578" LABEL="DropCapitalZone" DESCRIPTION="block type DropCapitalZone"/><OtherTag ID="BT16579" LABEL="GraphicZone" DESCRIPTION="block type GraphicZone"/><OtherTag ID="BT16581" LABEL="NumberingZone" DESCRIPTION="block type NumberingZone"/><OtherTag ID="BT16582" LABEL="QuireMarksZone" DESCRIPTION="block type QuireMarksZone"/><OtherTag ID="BT16583" LABEL="RunningTitleZone" DESCRIPTION="block type RunningTitleZone"/><OtherTag ID="BT16584" LABEL="SealZone" DESCRIPTION="block type SealZone"/><OtherTag ID="BT16585" LABEL="StampZone" DESCRIPTION="block type StampZone"/><OtherTag ID="BT17545" LABEL="text" DESCRIPTION="block type text"/>
    <OtherTag ID="LT6926" LABEL="DefaultLine" DESCRIPTION="line type DefaultLine"/><OtherTag ID="LT6927" LABEL="HeadingLine" DESCRIPTION="line type HeadingLine"/><OtherTag ID="LT6928" LABEL="InterlinearLine" DESCRIPTION="line type InterlinearLine"/><OtherTag ID="LT7242" LABEL="default" DESCRIPTION="line type default"/>
  </Tags>
  
  <Layout>
    <Page WIDTH="3102"
          HEIGHT="4162"
          PHYSICAL_IMG_NR="5"
          ID="eSc_dummypage_">
      <PrintSpace HPOS="0"
                  VPOS="0"
                  WIDTH="3102"
                  HEIGHT="4162">
        
        <TextBlock HPOS="545"
                   VPOS="480"
                   WIDTH="2149"
                   HEIGHT="2468"
                   ID="eSc_textblock_8ee1f65b"
                   TAGREFS="BT17545">
          <Shape><Polygon POINTS="814 480 1993 480 2500 508 2620 545 2630 848 2676 934 2648 1181 2694 1304 2639 1849 2676 2309 2130 2413 2445 2478 2521 2543 2593 2552 2639 2635 2602 2772 2435 2837 1774 2892 1542 2948 1459 2874 1450 2700 1339 2587 1300 2383 1034 2337 851 2337 777 2383 721 2346 693 2210 740 1822 703 1775 740 1754 749 1664 703 1563 749 1415 700 1292 555 1311 545 1165 564 1100 710 1109 730 1070 721 684 814 480"/></Shape>
          
          
          <TextLine ID="eSc_line_11187878"
                    TAGREFS="LT7242"
                    BASELINE="795 538 2574 580" 
                    HPOS="791"
                    VPOS="482"
                    WIDTH="1780"
                    HEIGHT="138">
            <Shape><Polygon POINTS="2564 530 2529 516 2470 520 2446 513 2418 502 2390 502 2355 499 2321 509 2286 516 1929 506 1904 499 1842 482 1835 482 1800 482 1766 482 1752 482 1613 489 1557 492 1526 489 1485 482 1453 482 1419 482 1405 482 1401 485 1387 495 1370 485 1363 482 1349 482 1315 482 1280 482 1245 482 1238 482 1193 485 1183 482 1176 482 1141 482 1106 482 1075 482 1054 485 995 482 968 482 933 482 898 482 863 482 829 482 804 506 794 537 791 579 940 565 1113 568 1138 593 1141 593 1145 593 1148 593 1151 593 1158 593 1228 572 1384 596 1412 600 1415 600 1419 600 1429 596 1498 579 1523 600 1526 603 1530 603 1533 603 1537 603 1540 603 1551 600 1613 582 1783 606 1828 610 1832 610 1918 606 2234 596 2262 617 2265 620 2269 620 2272 620 2276 620 2324 617 2467 603 2564 620 2571 579 2564 530 2564 530"/></Shape>
	    <String CONTENT="quil vous vueille plus toﬅ tirer ꝑ la main et quaſi par"
                    HPOS="791"
                    VPOS="482"
                    WIDTH="1780"
                    HEIGHT="138"></String>
          </TextLine>

          
          
          <TextLine ID="eSc_line_489b00e6"
                    TAGREFS="LT7242"
                    BASELINE="791 617 1108 612 1563 635 2613 658" 
                    HPOS="791"
                    VPOS="554"
                    WIDTH="1822"
                    HEIGHT="146">
            <Shape><Polygon POINTS="791 617 791 656 941 628 992 642 994 642 996 642 1112 633 1154 654 1156 654 1158 654 1269 638 1422 640 1473 663 1475 663 1478 663 1531 656 1621 672 1623 672 1626 672 1670 652 1714 665 1716 665 1718 665 1721 665 1723 665 1746 649 1808 670 1811 670 1813 670 1903 652 1933 675 1936 675 1938 675 1940 675 1943 675 2012 656 2084 663 2121 689 2123 689 2125 689 2128 689 2130 689 2132 689 2220 658 2257 677 2259 677 2262 677 2336 675 2361 693 2364 693 2366 693 2368 693 2375 693 2484 684 2509 695 2512 698 2514 698 2516 700 2611 700 2613 658 2613 617 2424 594 2421 594 2419 594 2391 610 2387 610 2280 610 2273 605 2225 587 2222 587 2220 587 2100 601 2077 603 2065 601 2017 582 2014 582 1885 582 1882 582 1880 582 1848 594 1834 598 1431 587 1413 582 1343 566 1341 566 1339 566 1313 575 1177 564 1175 564 1172 564 1170 564 1154 573 1151 575 1147 573 1117 561 1114 561 1112 561 1110 561 1089 573 1080 575 1071 571 1040 559 1038 559 959 559 957 559 918 566 879 575 867 566 855 557 855 554 853 554 851 554 848 554 846 554 844 554 828 564 814 573 791 564 791 617"/></Shape>
	    <String CONTENT="force, vous delivrer. Il ny a nulle doubte qᴖ ſara fuﬅ un"
                    HPOS="791"
                    VPOS="554"
                    WIDTH="1822"
                    HEIGHT="146"></String>
          </TextLine>

          
          
          <TextLine ID="eSc_line_423e5edf"
                    TAGREFS="LT7242"
                    BASELINE="793 693 1533 698 1758 716 2523 739" 
                    HPOS="791"
                    VPOS="642"
                    WIDTH="1732"
                    HEIGHT="130">
            <Shape><Polygon POINTS="793 693 791 737 881 728 922 737 925 737 927 737 929 737 932 737 969 714 1022 735 1024 735 1027 737 1027 735 1029 735 1071 719 1117 744 1124 746 1126 746 1128 749 1186 749 1186 746 1188 746 1193 744 1242 721 1330 721 1535 726 1577 749 1593 756 1596 756 1598 756 1600 756 1616 749 1656 730 1709 730 1734 746 1737 746 1739 746 1741 746 1834 735 1859 751 1876 763 1878 763 1880 763 2040 765 2042 765 2044 765 2074 753 2109 739 2213 753 2310 767 2438 772 2440 772 2442 772 2470 756 2477 753 2519 756 2523 739 2523 695 2336 691 2301 668 2299 668 2297 668 2294 668 2292 668 2290 668 2264 689 2218 689 2199 689 2197 686 2061 663 2058 663 1940 679 1899 663 1896 663 1894 663 1892 663 1852 672 1832 658 1829 658 1827 658 1746 656 1744 656 1741 656 1739 656 1716 670 1658 654 1656 654 1653 654 1549 672 1505 672 1482 672 1482 670 1420 649 1417 649 1415 649 1332 661 1311 647 1309 647 1306 647 1304 647 1239 658 1225 647 1225 645 1223 645 1221 645 1114 642 1034 642 1031 642 1029 642 1027 642 1006 658 793 656 793 693"/></Shape>
	    <String CONTENT="grant ſoullagemēt a nᴖre pere Abraham qᴖnt il ſe deubt"
                    HPOS="791"
                    VPOS="642"
                    WIDTH="1732"
                    HEIGHT="130"></String>
          </TextLine>

          
          
          <TextLine ID="eSc_line_a3ae5d05"
                    TAGREFS="LT7242"
                    BASELINE="765 781 1535 779 2530 825" 
                    HPOS="763"
                    VPOS="702"
                    WIDTH="1767"
                    HEIGHT="155">
            <Shape><Polygon POINTS="765 781 763 804 881 816 883 816 885 816 899 809 920 800 996 813 1047 820 1205 823 1207 823 1209 823 1221 818 1274 800 1343 823 1357 827 1360 827 1452 832 1455 834 1515 834 1515 832 1517 832 1526 827 1575 809 1626 832 1628 832 1630 832 1633 832 1640 832 1760 813 1795 825 1797 825 1799 825 2192 825 2259 825 2308 853 2315 855 2317 855 2368 857 2371 857 2373 857 2375 857 2380 855 2398 841 2526 857 2530 825 2528 779 2449 779 2440 774 2391 756 2389 756 2387 756 2324 769 2310 772 2306 767 2287 753 2285 753 2283 753 2199 742 2197 742 2102 760 2070 765 2035 756 1989 744 1987 744 1984 744 1982 744 1961 753 1943 760 1919 751 1869 732 1866 732 1725 730 1723 730 1660 739 1607 749 1572 737 1535 723 1533 723 1455 721 1452 721 1413 730 1380 737 1332 726 1316 723 1313 723 1311 723 1306 726 1263 742 1212 721 1205 719 1202 719 1200 719 1198 719 1195 719 1195 721 1165 742 1126 742 1052 739 1003 712 999 709 996 709 994 709 983 712 879 732 765 702 765 781"/></Shape>
	    <String CONTENT="mectre en chemin. Enſuivez la cōme une de ſes filles."
                    HPOS="763"
                    VPOS="702"
                    WIDTH="1767"
                    HEIGHT="155"></String>
          </TextLine>

          
          
          <TextLine ID="eSc_line_48287824"
                    TAGREFS="LT7242"
                    BASELINE="737 864 1887 857 2470 894 2590 911" 
                    HPOS="732"
                    VPOS="790"
                    WIDTH="1856"
                    HEIGHT="136">
            <Shape><Polygon POINTS="2258 811 2224 811 2220 808 2161 825 2033 801 2029 801 1825 815 1786 797 1783 797 1780 797 1387 818 1353 794 1349 794 1346 794 1342 794 1339 794 1294 815 1217 794 1214 794 1210 794 1207 794 1204 794 1172 821 1148 821 1051 821 1047 818 1002 794 999 794 995 794 888 815 843 790 839 790 836 790 735 815 735 863 732 894 853 912 857 912 961 901 1013 894 1051 901 1117 915 1120 915 1124 915 1158 905 1193 891 1578 891 1609 912 1616 915 1620 915 1623 915 1627 915 1630 915 1634 915 1637 912 1662 894 1773 894 1811 915 1821 922 1825 922 1828 922 1832 922 1873 915 1950 901 1967 915 1970 919 1970 922 1974 922 1977 922 1981 922 1984 922 1988 922 1991 919 2015 901 2057 919 2068 922 2071 922 2581 926 2588 908 2588 832 2314 832 2310 828 2272 811 2258 811"/></Shape>
	    <String CONTENT="Car de regarder derriere nous voions qᴖ ceﬅ en lexēple de la"
                    HPOS="732"
                    VPOS="790"
                    WIDTH="1856"
                    HEIGHT="136"></String>
          </TextLine>

          
          
          <TextLine ID="eSc_line_3d53edd3"
                    TAGREFS="LT7242"
                    BASELINE="772 952 1832 943 2700 986" 
                    HPOS="766"
                    VPOS="870"
                    WIDTH="1933"
                    HEIGHT="142">
            <Shape><Polygon POINTS="2675 936 2664 919 2078 915 2068 908 2015 884 2012 884 2009 884 1842 901 1780 880 1776 880 1519 877 1516 877 1512 877 1509 877 1481 894 1377 877 1374 877 1370 877 1339 894 1325 901 1315 894 1290 874 1287 874 1283 874 1141 874 1138 874 1134 874 1131 874 1131 877 1117 891 1110 898 1089 887 1044 870 1040 870 1037 870 1034 870 971 887 936 894 770 884 770 950 766 991 999 991 999 988 1002 988 1072 964 1190 991 1214 995 1217 998 1276 998 1276 995 1280 995 1283 995 1287 991 1315 971 1346 991 1353 998 1356 998 1360 998 1363 998 1367 998 1391 991 1464 971 1540 991 1575 1002 1578 1002 1582 1002 1585 1002 1606 991 1623 985 1637 991 1651 998 1655 998 1658 998 1662 998 1665 998 1665 995 1668 991 1689 974 2050 978 2081 995 2109 1009 2113 1009 2116 1009 2203 995 2210 995 2213 995 2248 1012 2251 1012 2255 1012 2696 995 2699 985 2696 922 2675 919 2675 936"/></Shape>
	    <String CONTENT="fēme de Loth. Combien que ie me tiens pour aſseure, qᴖ"
                    HPOS="766"
                    VPOS="870"
                    WIDTH="1933"
                    HEIGHT="142"></String>
          </TextLine>

          
          
          <TextLine ID="eSc_line_3dcf7f41"
                    TAGREFS="LT7242"
                    BASELINE="774 1017 2040 1022 2674 1070" 
                    HPOS="770"
                    VPOS="950"
                    WIDTH="1901"
                    HEIGHT="149">
            <Shape><Polygon POINTS="773 1016 770 1050 780 1061 780 1064 784 1064 787 1064 791 1064 794 1064 839 1047 860 1064 860 1068 863 1068 867 1068 870 1068 1040 1061 1096 1078 1099 1078 1103 1078 1380 1057 1464 1050 1488 1057 1557 1085 1561 1085 1564 1085 1568 1085 1620 1061 1641 1054 1793 1064 1814 1085 1814 1089 1818 1089 1821 1089 1825 1089 1828 1089 1832 1089 1866 1068 1887 1057 1998 1057 2022 1071 2078 1095 2081 1095 2085 1095 2088 1095 2092 1095 2126 1075 2147 1064 2231 1064 2251 1078 2279 1099 2283 1099 2286 1099 2290 1099 2668 1085 2671 1068 2671 988 2123 988 2015 978 1686 953 1682 953 1679 953 1603 974 1589 974 1568 971 1460 957 1457 957 1377 971 1367 971 1363 971 1335 950 1332 950 1328 950 1325 950 1321 950 1280 967 1256 950 1252 950 1249 950 1245 950 1242 950 1183 967 1179 967 773 964 773 1016"/></Shape>
	    <String CONTENT="vous navez pas mis la main a la charrue pour regarder"
                    HPOS="770"
                    VPOS="950"
                    WIDTH="1901"
                    HEIGHT="149"></String>
          </TextLine>

          
          
          <TextLine ID="eSc_line_89b1b9d6"
                    TAGREFS="LT7242"
                    BASELINE="791 1102 1945 1112 2600 1149" 
                    HPOS="788"
                    VPOS="1033"
                    WIDTH="1812"
                    HEIGHT="148">
            <Shape><Polygon POINTS="791 1102 788 1146 987 1151 990 1151 992 1151 1034 1128 1142 1123 1297 1130 1330 1158 1332 1158 1334 1158 1337 1160 1376 1160 1376 1158 1378 1158 1457 1139 1475 1149 1478 1149 1480 1149 1482 1149 1485 1149 1512 1130 1563 1144 1566 1144 1568 1144 1663 1132 1739 1151 1741 1151 1744 1151 1746 1151 1748 1151 1771 1135 1808 1146 1811 1146 1813 1146 1896 1137 1940 1153 1943 1153 1945 1153 1947 1153 1987 1139 2021 1153 2024 1153 2026 1153 2130 1142 2197 1160 2199 1160 2202 1160 2204 1160 2229 1151 2259 1176 2262 1176 2264 1176 2266 1176 2294 1176 2526 1167 2595 1181 2600 1149 2600 1098 2472 1095 2472 1093 2445 1075 2442 1075 2440 1075 2438 1075 2435 1075 2382 1093 2377 1093 2306 1093 2301 1091 2202 1068 2199 1068 2197 1068 2151 1089 2100 1089 2070 1089 2061 1086 1998 1082 1961 1056 1959 1056 1956 1056 1954 1056 1869 1070 1811 1061 1808 1061 1806 1061 1804 1061 1790 1072 1667 1049 1665 1049 1480 1072 1422 1045 1420 1045 1417 1045 1295 1063 1216 1042 1214 1042 1212 1042 1209 1042 1149 1068 987 1068 936 1040 934 1040 932 1040 929 1040 927 1040 899 1058 853 1033 851 1033 848 1033 846 1033 791 1061 791 1102"/></Shape>
	    <String CONTENT="derriere le dos. ſi ces lᴖres vous devoiēt eﬅre preſentees"
                    HPOS="788"
                    VPOS="1033"
                    WIDTH="1812"
                    HEIGHT="148"></String>
          </TextLine>

          
          
          <TextLine ID="eSc_line_852da35d"
                    TAGREFS="LT7242"
                    BASELINE="818 1181 1980 1195 2371 1225 2544 1227" 
                    HPOS="816"
                    VPOS="1126"
                    WIDTH="1728"
                    HEIGHT="127">
            <Shape><Polygon POINTS="818 1181 816 1223 913 1211 999 1227 1001 1227 1003 1227 1006 1227 1034 1209 1064 1230 1066 1230 1068 1230 1071 1230 1075 1230 1149 1218 1225 1232 1230 1232 1232 1232 1235 1232 1237 1232 1265 1209 1302 1227 1304 1227 1306 1227 1309 1227 1311 1227 1343 1209 1401 1209 1417 1223 1417 1225 1420 1225 1422 1225 1424 1225 1427 1225 1429 1225 1452 1211 1512 1237 1515 1237 1517 1237 1519 1237 1522 1237 1524 1237 1575 1213 1658 1213 1792 1213 1843 1237 1845 1237 1848 1237 1850 1237 1896 1218 2000 1243 2005 1243 2007 1243 2010 1243 2051 1223 2151 1223 2192 1246 2197 1250 2199 1250 2202 1250 2204 1253 2542 1253 2544 1227 2544 1181 2144 1172 2044 1139 2042 1139 2040 1139 1894 1149 1725 1135 1723 1135 1721 1135 1718 1135 1702 1146 1607 1132 1605 1132 1603 1132 1547 1146 1501 1130 1498 1130 1496 1130 1494 1130 1455 1151 1420 1135 1417 1135 1415 1135 1357 1144 1290 1126 1288 1126 1286 1126 1283 1126 1281 1126 1246 1146 1205 1135 1202 1135 1200 1135 1043 1151 966 1130 964 1130 962 1130 959 1130 957 1130 939 1146 902 1132 899 1132 897 1132 818 1146 818 1181"/></Shape>
	    <String CONTENT="par un meſsaiger eﬅrange, ie ſeroye poſſible plus long."
                    HPOS="816"
                    VPOS="1126"
                    WIDTH="1728"
                    HEIGHT="127"></String>
          </TextLine>

          
          
          <TextLine ID="eSc_line_b88de4dd"
                    TAGREFS="LT7242"
                    BASELINE="811 1274 1341 1267 1917 1276 2667 1324" 
                    HPOS="811"
                    VPOS="1202"
                    WIDTH="1856"
                    HEIGHT="159">
            <Shape><Polygon POINTS="811 1274 811 1301 936 1285 1013 1308 1017 1308 1020 1308 1022 1308 1024 1308 1027 1308 1068 1287 1126 1297 1128 1297 1131 1297 1133 1297 1163 1278 1232 1285 1295 1315 1309 1320 1311 1320 1448 1322 1450 1322 1452 1322 1461 1317 1519 1290 1582 1322 1584 1322 1586 1322 1589 1322 1591 1322 1593 1322 1667 1294 1806 1297 1836 1313 1838 1313 1841 1313 1843 1313 1845 1313 1862 1301 2063 1308 2109 1334 2130 1345 2132 1345 2135 1345 2190 1336 2294 1317 2352 1341 2387 1354 2389 1354 2516 1357 2519 1357 2521 1357 2544 1345 2546 1345 2630 1361 2632 1361 2634 1361 2664 1348 2667 1324 2667 1276 2512 1260 2484 1241 2482 1241 2479 1241 2477 1241 2475 1241 2414 1264 2345 1264 2310 1264 2308 1262 2266 1237 2264 1237 2262 1237 2162 1230 2160 1230 2158 1230 2098 1248 2056 1227 2054 1227 1734 1216 1732 1216 1598 1227 1552 1213 1549 1213 1547 1213 1452 1230 1380 1204 1378 1204 1376 1204 1286 1225 1108 1223 1073 1223 1071 1220 1040 1202 1038 1202 1036 1202 1034 1202 1031 1202 999 1218 811 1213 811 1274"/></Shape>
	    <String CONTENT="Mais quant le meſsaiger peult luy meſme ſupplyer au deffault"
                    HPOS="811"
                    VPOS="1202"
                    WIDTH="1856"
                    HEIGHT="159"></String>
          </TextLine>

          
          
          <TextLine ID="eSc_line_a0ec2ded"
                    TAGREFS="LT7242"
                    BASELINE="788 1348 1707 1354 2565 1401" 
                    HPOS="786"
                    VPOS="1285"
                    WIDTH="1779"
                    HEIGHT="139">
            <Shape><Polygon POINTS="788 1348 786 1359 816 1378 818 1378 821 1378 1089 1385 1091 1385 1168 1371 1186 1368 1200 1373 1251 1389 1253 1389 1256 1389 1258 1389 1260 1389 1283 1375 1295 1368 1475 1378 1487 1382 1533 1398 1535 1398 1538 1398 1540 1398 1572 1387 1579 1385 1591 1387 1651 1401 1653 1401 1656 1401 1658 1401 1674 1389 1693 1380 1956 1387 1982 1401 2005 1412 2007 1412 2010 1412 2098 1405 2188 1398 2232 1410 2264 1419 2266 1419 2269 1419 2301 1412 2315 1410 2320 1415 2327 1419 2327 1422 2329 1422 2331 1422 2334 1424 2563 1424 2565 1401 2563 1359 2408 1354 2359 1320 2357 1320 2354 1320 2352 1320 2350 1320 2262 1348 2192 1348 2123 1313 2121 1313 2007 1308 2005 1308 2003 1308 1913 1336 1876 1320 1873 1320 1871 1320 1813 1327 1748 1301 1746 1301 1609 1299 1607 1299 1605 1299 1563 1313 1535 1294 1533 1294 1531 1294 1529 1294 1464 1297 1461 1297 1420 1317 1383 1299 1380 1299 1378 1299 1376 1299 1334 1320 1249 1294 1246 1294 1244 1294 1242 1294 1216 1306 1131 1294 1128 1294 1126 1294 1124 1294 1101 1311 1040 1294 1038 1294 1036 1294 1034 1294 980 1311 978 1311 976 1311 858 1285 855 1285 853 1285 788 1304 788 1348"/></Shape>
	    <String CONTENT="de lᴖres: il ne luy fault pas faire ce deſhoneur deſcrire"
                    HPOS="786"
                    VPOS="1285"
                    WIDTH="1779"
                    HEIGHT="139"></String>
          </TextLine>

          
          
          <TextLine ID="eSc_line_6ccbcfe8"
                    TAGREFS="LT7242"
                    BASELINE="777 1440 1790 1433 2655 1479" 
                    HPOS="777"
                    VPOS="1373"
                    WIDTH="1878"
                    HEIGHT="129">
            <Shape><Polygon POINTS="777 1440 777 1463 862 1454 1124 1472 1216 1477 1219 1477 1237 1475 1327 1454 1434 1477 1455 1482 1457 1482 1459 1482 1461 1482 1464 1479 1505 1454 1778 1456 1804 1475 1806 1475 1808 1475 1811 1475 2030 1463 2181 1482 2183 1482 2246 1470 2315 1496 2320 1498 2322 1498 2650 1502 2655 1479 2653 1419 2408 1424 2377 1415 2320 1394 2317 1394 2315 1394 2313 1394 2269 1412 2257 1419 2167 1419 2155 1412 2128 1389 2125 1389 2123 1389 2121 1389 2118 1389 2065 1410 2051 1415 2037 1410 2003 1398 2000 1398 1998 1398 1996 1398 1954 1408 1940 1412 1924 1408 1845 1385 1843 1385 1841 1385 1633 1391 1609 1380 1607 1380 1411 1375 1408 1375 1406 1375 1404 1375 1362 1401 1355 1405 1320 1405 1313 1401 1269 1373 1267 1373 1265 1373 1163 1373 1161 1373 1068 1396 916 1396 874 1396 872 1394 823 1380 821 1380 818 1380 816 1380 777 1389 777 1440"/></Shape>
	    <String CONTENT="tout ce quon veult faire ſcavoir, cōme ſil navoit poīt de"
                    HPOS="777"
                    VPOS="1373"
                    WIDTH="1878"
                    HEIGHT="129"></String>
          </TextLine>

          
          
          <TextLine ID="eSc_line_bd00a652"
                    TAGREFS="LT7242"
                    BASELINE="786 1516 1866 1514 2648 1549" 
                    HPOS="784"
                    VPOS="1449"
                    WIDTH="1864"
                    HEIGHT="139">
            <Shape><Polygon POINTS="786 1516 784 1539 922 1560 925 1560 927 1560 969 1546 1029 1567 1031 1567 1034 1567 1036 1567 1038 1567 1071 1546 1089 1537 1135 1537 1151 1549 1177 1567 1179 1567 1182 1567 1184 1567 1186 1567 1188 1567 1216 1549 1232 1539 1311 1539 1501 1544 1519 1556 1554 1574 1556 1574 1559 1574 1635 1558 1681 1546 1734 1560 1771 1567 1774 1567 1776 1567 1778 1567 1790 1560 1815 1546 1885 1546 1906 1563 1922 1574 1924 1574 1926 1574 1929 1574 1931 1574 1970 1563 1975 1563 1977 1565 2003 1581 2005 1581 2007 1581 2151 1583 2153 1583 2155 1583 2158 1583 2179 1567 2202 1553 2243 1553 2266 1569 2269 1569 2271 1569 2273 1569 2276 1569 2303 1563 2320 1569 2347 1586 2350 1586 2505 1588 2507 1588 2509 1588 2535 1574 2551 1567 2574 1576 2611 1588 2613 1588 2616 1588 2618 1588 2646 1576 2648 1549 2646 1496 2565 1496 2563 1493 2546 1479 2544 1479 2542 1479 2539 1479 2537 1479 2512 1491 2505 1493 2269 1491 2262 1484 2250 1477 2248 1477 2246 1477 2243 1477 2241 1477 2222 1484 2213 1489 2202 1484 2148 1459 2146 1459 2144 1459 2142 1459 2095 1479 2068 1459 2065 1459 2063 1459 2061 1459 1924 1468 1478 1449 1475 1449 1473 1449 1434 1465 1401 1477 1343 1463 1341 1463 1339 1463 1186 1475 1154 1461 1151 1461 1149 1461 987 1472 953 1452 950 1452 948 1452 946 1452 932 1452 837 1463 786 1449 786 1516"/></Shape>
	    <String CONTENT="bouche pour parler. A ceﬅe cauſe ie felay fin a ces preſentes"
                    HPOS="784"
                    VPOS="1449"
                    WIDTH="1864"
                    HEIGHT="139"></String>
          </TextLine>

          
          
          <TextLine ID="eSc_line_74b7ea02"
                    TAGREFS="LT7242"
                    BASELINE="786 1611 1880 1597 2276 1613 2528 1639" 
                    HPOS="784"
                    VPOS="1539"
                    WIDTH="1744"
                    HEIGHT="107">
            <Shape><Polygon POINTS="786 1611 786 1639 853 1646 855 1646 885 1641 957 1625 992 1637 994 1637 996 1637 999 1637 1001 1637 1022 1618 1080 1641 1087 1643 1089 1643 1091 1643 1108 1641 1175 1625 1212 1641 1223 1646 1225 1646 1228 1646 1256 1641 1367 1618 1424 1634 1427 1634 1429 1634 1431 1634 1459 1623 1531 1632 1533 1632 1623 1620 1646 1634 1649 1634 1651 1634 1653 1634 1656 1634 1714 1618 1896 1618 1970 1634 1973 1634 2271 1627 2308 1643 2310 1643 2313 1646 2526 1646 2528 1639 2526 1574 2266 1574 2229 1553 2227 1553 2167 1553 2165 1553 2162 1553 2160 1553 2135 1574 2132 1576 2042 1576 2042 1574 1991 1549 1989 1549 1987 1549 1929 1558 1887 1539 1885 1539 1882 1539 1764 1551 1665 1539 1663 1539 1660 1539 1572 1569 1529 1539 1526 1539 1524 1539 1367 1539 1364 1539 1362 1539 1290 1558 1260 1539 1258 1539 1256 1539 1253 1539 1251 1539 1249 1539 1219 1565 1184 1567 1163 1553 1161 1553 1158 1553 1156 1553 1154 1553 1128 1567 1077 1539 1075 1539 1073 1539 1071 1539 1020 1560 858 1556 855 1556 853 1556 784 1576 786 1611"/></Shape>
	    <String CONTENT="apres meﬅre affectueuſemēt recōmande a vᴖre bōne grace, et"
                    HPOS="784"
                    VPOS="1539"
                    WIDTH="1744"
                    HEIGHT="107"></String>
          </TextLine>

          
          
          <TextLine ID="eSc_line_5926cfbf"
                    TAGREFS="LT7242"
                    BASELINE="784 1690 1822 1674 2623 1715" 
                    HPOS="781"
                    VPOS="1620"
                    WIDTH="1842"
                    HEIGHT="130">
            <Shape><Polygon POINTS="784 1690 781 1713 811 1724 814 1724 816 1724 865 1715 890 1711 902 1715 939 1734 941 1734 943 1736 1029 1736 1029 1734 1031 1734 1034 1734 1057 1720 1073 1711 1098 1720 1140 1734 1142 1734 1256 1736 1258 1736 1260 1736 1263 1736 1281 1722 1325 1694 1357 1713 1360 1713 1362 1713 1498 1697 1556 1715 1559 1715 1561 1715 1563 1715 1605 1697 1899 1697 1931 1699 1987 1736 1996 1743 1998 1743 2000 1743 2003 1743 2005 1743 2007 1743 2014 1738 2068 1701 2098 1701 2179 1734 2181 1734 2183 1734 2185 1734 2239 1711 2327 1741 2329 1741 2331 1741 2334 1741 2336 1741 2368 1722 2435 1722 2482 1745 2486 1748 2489 1748 2491 1750 2620 1750 2623 1715 2620 1664 2361 1662 2306 1627 2303 1627 2301 1627 2227 1627 2225 1627 2222 1627 2185 1643 2144 1625 2142 1625 2068 1625 2065 1625 2063 1625 2061 1625 2024 1655 1993 1655 1938 1625 1936 1625 1933 1625 1848 1641 1818 1623 1815 1623 1813 1623 1660 1620 1658 1620 1545 1634 1531 1625 1529 1625 1526 1625 1524 1625 1522 1625 1480 1641 1417 1634 1415 1634 1413 1634 1369 1650 1281 1620 1279 1620 1276 1620 1274 1620 1209 1650 1207 1650 1098 1630 1096 1630 1094 1630 1052 1650 1043 1650 941 1650 941 1648 902 1630 899 1630 897 1630 895 1630 862 1648 784 1648 784 1690"/></Shape>
	    <String CONTENT="avoir prye noﬅre ſeigneur de vouloir pourſuivre ſon oevre en"
                    HPOS="781"
                    VPOS="1620"
                    WIDTH="1842"
                    HEIGHT="130"></String>
          </TextLine>

          
          
          <TextLine ID="eSc_line_087f544d"
                    TAGREFS="LT7242"
                    BASELINE="788 1761 1795 1766 2498 1798" 
                    HPOS="786"
                    VPOS="1699"
                    WIDTH="1712"
                    HEIGHT="127">
            <Shape><Polygon POINTS="786 1787 973 1803 976 1803 978 1803 1003 1794 1017 1787 1027 1794 1038 1803 1040 1803 1043 1803 1045 1803 1047 1803 1068 1794 1082 1789 1114 1796 1165 1805 1168 1805 1170 1805 1191 1796 1223 1785 1311 1801 1346 1805 1348 1805 1380 1801 1468 1789 1487 1803 1496 1812 1498 1812 1501 1812 1607 1815 1609 1815 1732 1810 1984 1798 2021 1817 2033 1822 2035 1822 2037 1822 2040 1822 2054 1817 2098 1801 2151 1815 2153 1815 2155 1815 2259 1805 2354 1824 2371 1826 2373 1826 2387 1824 2445 1815 2491 1826 2498 1798 2498 1754 2354 1750 2313 1717 2310 1717 2308 1717 2243 1717 2241 1717 2239 1717 2158 1743 2151 1745 2148 1743 2121 1724 2118 1724 2116 1724 2114 1724 2111 1724 2068 1741 2061 1743 2003 1741 2003 1738 1970 1711 1968 1711 1966 1711 1963 1711 1961 1711 1913 1722 1827 1708 1825 1708 1822 1708 1781 1729 1734 1706 1732 1706 1730 1706 1621 1720 1582 1704 1579 1704 1577 1704 1575 1704 1512 1724 1510 1724 1508 1724 1461 1701 1459 1701 1313 1699 1311 1699 1309 1699 1263 1717 1228 1729 1091 1715 1089 1715 848 1722 791 1704 788 1761 786 1787"/></Shape>
	    <String CONTENT="vous, en vous conduiſant ꝑ ſon ſainﬅ eſperit tāt a la"
                    HPOS="786"
                    VPOS="1699"
                    WIDTH="1712"
                    HEIGHT="127"></String>
          </TextLine>

          
          
          <TextLine ID="eSc_line_bfdbad29"
                    TAGREFS="LT7242"
                    BASELINE="802 1842 1142 1838 1956 1861 2253 1886 2327 1905 2558 1914" 
                    HPOS="802"
                    VPOS="1771"
                    WIDTH="1756"
                    HEIGHT="164">
            <Shape><Polygon POINTS="802 1842 802 1872 876 1856 939 1877 955 1884 957 1884 959 1884 962 1884 976 1879 1045 1856 1084 1884 1087 1886 1089 1886 1091 1886 1198 1893 1200 1893 1230 1889 1343 1868 1385 1868 1417 1896 1422 1900 1424 1900 1427 1900 1429 1900 1448 1896 1538 1875 1633 1877 1670 1898 1672 1898 1674 1898 1677 1898 1753 1879 2091 1886 2216 1916 2218 1916 2220 1916 2253 1905 2324 1928 2327 1928 2329 1928 2556 1935 2558 1914 2558 1849 2412 1847 2408 1842 2396 1831 2396 1828 2394 1828 2391 1828 2389 1828 2343 1833 2262 1808 2259 1808 2257 1808 2153 1831 2123 1835 2068 1826 2037 1822 2014 1801 2012 1801 2010 1801 1919 1798 1917 1798 1915 1798 1852 1817 1850 1817 1848 1817 1811 1794 1808 1794 1806 1794 1804 1794 1721 1803 1649 1789 1646 1789 1644 1789 1614 1805 1600 1815 1589 1805 1584 1801 1582 1801 1579 1801 1577 1801 1559 1803 1512 1812 1457 1798 1385 1782 1383 1782 1380 1782 1339 1794 1283 1810 1249 1791 1246 1791 1244 1791 1242 1791 1239 1791 1216 1808 1138 1791 1135 1791 1036 1801 1010 1785 1008 1785 1006 1785 1003 1785 902 1798 802 1771 802 1842"/></Shape>
	    <String CONTENT="cōgnoissance qua lobeissance de ſa bōne volūte: donnant"
                    HPOS="802"
                    VPOS="1771"
                    WIDTH="1756"
                    HEIGHT="164"></String>
          </TextLine>

          
          
          <TextLine ID="eSc_line_4e3a836e"
                    TAGREFS="LT7242"
                    BASELINE="793 1930 2012 1942 2593 2000" 
                    HPOS="791"
                    VPOS="1861"
                    WIDTH="1802"
                    HEIGHT="152">
            <Shape><Polygon POINTS="793 1930 791 1965 1040 1974 1043 1974 1045 1974 1047 1974 1096 1946 1177 1946 1260 1970 1263 1970 1265 1970 1267 1970 1304 1956 1355 1981 1360 1983 1362 1983 1364 1983 1367 1983 1369 1983 1371 1981 1413 1956 1533 1979 1535 1979 1621 1960 1797 1993 1811 1995 1813 1997 1848 1997 1848 1995 1850 1995 1852 1995 1885 1972 1917 1988 1919 1988 1922 1988 1924 1988 1926 1988 1945 1974 1989 1986 1991 1986 1993 1986 2061 1972 2151 1993 2153 1993 2155 1993 2199 1976 2292 1997 2294 1997 2347 1988 2394 2007 2396 2007 2588 2013 2593 2000 2593 1935 2248 1928 2241 1923 2151 1889 2148 1889 2068 1886 2065 1886 1924 1912 1804 1879 1801 1879 1799 1879 1644 1898 1582 1875 1579 1875 1508 1872 1505 1872 1503 1872 1436 1900 1434 1902 1429 1900 1397 1886 1394 1886 1392 1886 1390 1886 1355 1896 1304 1868 1302 1868 1300 1868 1163 1889 1080 1861 1077 1861 1075 1861 1073 1861 1022 1889 1017 1891 1006 1889 943 1875 941 1875 793 1882 793 1930"/></Shape>
	    <String CONTENT="aussi la force &amp; la prudēce a celluy qui doibt eﬅre voﬅre"
                    HPOS="791"
                    VPOS="1861"
                    WIDTH="1802"
                    HEIGHT="152"></String>
          </TextLine>

          
          
          <TextLine ID="eSc_line_cf8269d9"
                    TAGREFS="LT7242"
                    BASELINE="807 2013 1892 2018 2612 2085" 
                    HPOS="801"
                    VPOS="1935"
                    WIDTH="1808"
                    HEIGHT="170">
            <Shape><Polygon POINTS="804 2011 801 2049 964 2053 968 2053 971 2053 975 2053 999 2035 1079 2060 1082 2060 1086 2060 1328 2067 1332 2067 1335 2067 1394 2049 1433 2067 1436 2067 1439 2067 1443 2067 1446 2067 1446 2063 1471 2042 1512 2060 1516 2060 1519 2060 1620 2046 1679 2063 1682 2063 1686 2063 1991 2060 2009 2074 2009 2077 2012 2077 2015 2077 2019 2077 2099 2063 2161 2094 2165 2094 2168 2094 2172 2094 2175 2094 2179 2094 2251 2067 2342 2098 2345 2098 2349 2098 2352 2098 2408 2077 2602 2105 2609 2084 2609 2015 2435 2011 2432 2008 2401 1980 2397 1980 2394 1980 2390 1980 2387 1980 2383 1980 2349 2001 2279 1983 2276 1983 2272 1983 2269 1983 2234 1997 2165 1970 2161 1970 2158 1970 2154 1970 2106 1990 1956 1963 1953 1963 1780 1973 1609 1952 1606 1952 1603 1952 1540 1970 1474 1949 1471 1949 1467 1949 1464 1949 1460 1949 1460 1952 1433 1973 1353 1973 1308 1942 1304 1942 1301 1942 1297 1942 1294 1942 1235 1970 1214 1970 1172 1970 1145 1942 1145 1938 1141 1938 1138 1938 1134 1938 1131 1938 1089 1959 1072 1938 1068 1938 1068 1935 1065 1935 1061 1935 1058 1935 1054 1935 1051 1935 1020 1963 957 1945 954 1945 950 1945 804 1956 804 2011"/></Shape>
	    <String CONTENT="guide de vous preceder, pour vous inciter ꝑ ſon exemple: et"
                    HPOS="801"
                    VPOS="1935"
                    WIDTH="1808"
                    HEIGHT="170"></String>
          </TextLine>

          
          
          <TextLine ID="eSc_line_d07c310b"
                    TAGREFS="LT7242"
                    BASELINE="804 2099 1799 2094 2169 2111 2604 2161" 
                    HPOS="802"
                    VPOS="2039"
                    WIDTH="1802"
                    HEIGHT="141">
            <Shape><Polygon POINTS="804 2099 802 2115 869 2150 872 2150 932 2152 1135 2154 1138 2154 1140 2154 1142 2154 1179 2131 1225 2154 1228 2154 1230 2154 1232 2154 1302 2136 1330 2159 1332 2159 1334 2159 1337 2161 1431 2161 1431 2159 1434 2159 1471 2141 1498 2124 1575 2124 1732 2127 1778 2152 1804 2164 1806 2164 1808 2164 1811 2164 1813 2164 1827 2152 1857 2134 1892 2152 1894 2152 1896 2152 1899 2152 1970 2134 2086 2134 2264 2136 2387 2168 2389 2168 2600 2180 2604 2161 2604 2092 2354 2087 2340 2074 2338 2074 2336 2074 2334 2074 2248 2085 2241 2085 2239 2085 2222 2071 2222 2069 2220 2069 2218 2069 2216 2069 2135 2069 2100 2048 2098 2048 2095 2048 1966 2046 1963 2046 1961 2046 1924 2060 1783 2044 1781 2044 1778 2044 1714 2062 1686 2041 1684 2041 1681 2041 1533 2039 1531 2039 1529 2039 1526 2039 1501 2055 1341 2046 1339 2046 1188 2060 1154 2044 1151 2044 1149 2044 1147 2044 1105 2057 1077 2039 1075 2039 1073 2039 1071 2039 1068 2039 1036 2053 909 2046 906 2046 904 2046 902 2046 881 2060 879 2060 804 2060 804 2099"/></Shape>
	    <String CONTENT="vous faiſant auſſie la grace deﬅre ſon ayde cōme il la ordōne."
                    HPOS="802"
                    VPOS="2039"
                    WIDTH="1802"
                    HEIGHT="141"></String>
          </TextLine>

          
          
          <TextLine ID="eSc_line_33abef2c"
                    TAGREFS="LT7242"
                    BASELINE="851 2203 1232 2185 2100 2191 2336 2224 2391 2245 2660 2270" 
                    HPOS="848"
                    VPOS="2127"
                    WIDTH="1812"
                    HEIGHT="155">
            <Shape><Polygon POINTS="851 2203 848 2249 913 2242 932 2254 934 2256 936 2256 939 2256 941 2256 943 2256 950 2254 1047 2224 1110 2242 1112 2242 1114 2242 1117 2242 1161 2224 1455 2226 1489 2254 1492 2254 1494 2254 1496 2254 1498 2254 1535 2242 1635 2265 1649 2268 1651 2268 1653 2268 1658 2265 1732 2233 1933 2259 1936 2259 1938 2259 2003 2242 2037 2263 2040 2263 2042 2263 2044 2263 2047 2263 2109 2238 2174 2275 2176 2277 2179 2277 2181 2277 2183 2277 2197 2275 2297 2254 2329 2277 2331 2279 2334 2279 2336 2279 2655 2282 2660 2270 2660 2182 2449 2178 2447 2175 2389 2152 2387 2152 2384 2152 2382 2152 2380 2152 2350 2173 2343 2175 2216 2175 2199 2168 2111 2136 2109 2136 1943 2134 1940 2134 1938 2134 1899 2154 1820 2154 1785 2131 1783 2131 1781 2131 1778 2131 1633 2141 1575 2129 1572 2129 1570 2129 1568 2129 1540 2148 1533 2152 1522 2148 1468 2127 1466 2127 1464 2127 1461 2127 1459 2127 1434 2145 1420 2157 1367 2159 1337 2143 1327 2136 1325 2136 1323 2136 1320 2136 1260 2141 1112 2152 1054 2134 1029 2127 1027 2127 1024 2127 1022 2127 1006 2134 950 2152 851 2129 851 2203"/></Shape>
	    <String CONTENT="Iattenderay le retour du bon ſᴖur preſent porteur nō ſans grand deſir de"
                    HPOS="848"
                    VPOS="2127"
                    WIDTH="1812"
                    HEIGHT="155"></String>
          </TextLine>

          
          
          <TextLine ID="eSc_line_a161313f"
                    TAGREFS="LT7242"
                    BASELINE="779 2272 1151 2265" 
                    HPOS="777"
                    VPOS="2219"
                    WIDTH="374"
                    HEIGHT="93">
            <Shape><Polygon POINTS="779 2272 779 2293 899 2312 902 2312 980 2307 983 2307 985 2307 985 2305 999 2291 1001 2291 1149 2291 1151 2265 1147 2233 1059 2219 1057 2219 1054 2219 1052 2219 1052 2222 1038 2235 830 2238 807 2224 804 2224 802 2224 800 2224 798 2224 795 2224 777 2233 779 2272"/></Shape>
	    <String CONTENT="vous voir."
                    HPOS="777"
                    VPOS="2219"
                    WIDTH="374"
                    HEIGHT="93"></String>
          </TextLine>

          
          
          <TextLine ID="eSc_line_c0eb0315"
                    TAGREFS="LT7242"
                    BASELINE="1167 2282 1910 2282" 
                    HPOS="1165"
                    VPOS="2205"
                    WIDTH="743"
                    HEIGHT="156">
            <Shape><Polygon POINTS="1165 2278 1165 2361 1321 2334 1360 2354 1374 2361 1377 2361 1380 2361 1908 2330 1908 2278 1908 2233 1717 2230 1672 2205 1668 2205 1665 2205 1662 2205 1606 2223 1582 2205 1578 2205 1575 2205 1571 2205 1568 2205 1564 2205 1523 2233 1374 2233 1349 2209 1349 2205 1346 2205 1342 2205 1242 2205 1238 2205 1235 2205 1165 2230 1165 2278"/></Shape>
	    <String CONTENT="Ce 14. Octobre."
                    HPOS="1165"
                    VPOS="2205"
                    WIDTH="743"
                    HEIGHT="156"></String>
          </TextLine>

          
          
          <TextLine ID="eSc_line_b176a3c1"
                    TAGREFS="LT7242"
                    BASELINE="1384 2545 1670 2571 2065 2585 2259 2610 2641 2628" 
                    HPOS="1374"
                    VPOS="2472"
                    WIDTH="1266"
                    HEIGHT="236">
            <Shape><Polygon POINTS="2626 2618 2595 2563 2480 2563 2449 2549 2397 2535 2394 2535 2390 2535 2387 2535 2383 2535 2366 2545 2321 2504 2321 2500 2317 2500 2314 2500 2172 2490 2168 2490 2165 2490 2085 2531 2081 2531 2078 2531 2002 2504 1998 2504 1995 2504 1991 2504 1925 2521 1870 2472 1866 2472 1863 2472 1859 2472 1856 2472 1780 2497 1710 2479 1707 2479 1703 2479 1700 2479 1696 2479 1696 2483 1665 2507 1554 2483 1551 2483 1380 2490 1380 2542 1374 2597 1446 2642 1450 2642 1453 2642 1457 2642 1460 2642 1464 2642 1512 2611 1544 2635 1544 2639 1547 2639 1551 2639 1554 2639 1557 2639 1561 2639 1603 2611 1637 2594 1745 2597 1780 2625 1818 2656 1821 2656 1825 2656 1828 2656 1832 2656 1835 2656 1870 2632 1908 2611 1981 2611 2012 2642 2050 2677 2050 2681 2054 2681 2057 2681 2192 2687 2196 2687 2199 2687 2203 2687 2234 2660 2258 2642 2401 2639 2442 2642 2480 2681 2508 2705 2508 2708 2512 2708 2515 2708 2519 2708 2633 2691 2640 2625 2640 2563 2630 2563 2626 2618"/></Shape>
	    <String CONTENT="Vre ſerviteur humble fre &amp; entier amy"
                    HPOS="1374"
                    VPOS="2472"
                    WIDTH="1266"
                    HEIGHT="236"></String>
          </TextLine>

          
          
          <TextLine ID="eSc_line_2ab92f91"
                    TAGREFS="LT7242"
                    BASELINE="1487 2741 2456 2770" 
                    HPOS="1478"
                    VPOS="2615"
                    WIDTH="975"
                    HEIGHT="319">
            <Shape><Polygon POINTS="1485 2739 1478 2927 1700 2934 1703 2934 1707 2934 1710 2934 1755 2902 1783 2885 1818 2896 1863 2913 1866 2913 1870 2913 1873 2913 1946 2885 1984 2871 2009 2878 2064 2896 2068 2896 2071 2896 2074 2896 2154 2864 2231 2837 2446 2837 2453 2767 2453 2694 2404 2663 2401 2663 2397 2663 2394 2663 2390 2663 2317 2687 2269 2701 2217 2701 2192 2677 2185 2670 2185 2667 2182 2667 2179 2667 2175 2667 2172 2667 2168 2667 2161 2674 2126 2698 2057 2670 2054 2670 2050 2670 2047 2670 1995 2694 1925 2677 1922 2677 1918 2677 1800 2687 1734 2635 1721 2622 1717 2622 1714 2622 1485 2615 1485 2739"/></Shape>
	    <String CONTENT="Charles Deſpeville."
                    HPOS="1478"
                    VPOS="2615"
                    WIDTH="975"
                    HEIGHT="319"></String>
          </TextLine>

          
        </TextBlock>
        

        
      </PrintSpace>
    </Page>
  </Layout>
</alto>
