<?xml version="1.0" encoding="UTF-8"?>
<alto xmlns:xsi="http://www.w3.org/2001/XMLSchema-instance"
      xmlns="http://www.loc.gov/standards/alto/ns-v4#"
      xsi:schemaLocation="http://www.loc.gov/standards/alto/ns-v4# http://www.loc.gov/standards/alto/v4/alto-4-2.xsd">
  <Description>
    <MeasurementUnit>pixel</MeasurementUnit>
    <sourceImageInformation>
      <fileName>MmeFallais1543.jpeg</fileName>
      
    </sourceImageInformation>
  </Description>
  
  <Tags>
    <OtherTag ID="BT16575" LABEL="MarginTextZone" DESCRIPTION="block type MarginTextZone"/><OtherTag ID="BT16576" LABEL="DamageZone" DESCRIPTION="block type DamageZone"/><OtherTag ID="BT16577" LABEL="DigitizationArtefactZone" DESCRIPTION="block type DigitizationArtefactZone"/><OtherTag ID="BT16578" LABEL="DropCapitalZone" DESCRIPTION="block type DropCapitalZone"/><OtherTag ID="BT16579" LABEL="GraphicZone" DESCRIPTION="block type GraphicZone"/><OtherTag ID="BT16581" LABEL="NumberingZone" DESCRIPTION="block type NumberingZone"/><OtherTag ID="BT16582" LABEL="QuireMarksZone" DESCRIPTION="block type QuireMarksZone"/><OtherTag ID="BT16583" LABEL="RunningTitleZone" DESCRIPTION="block type RunningTitleZone"/><OtherTag ID="BT16584" LABEL="SealZone" DESCRIPTION="block type SealZone"/><OtherTag ID="BT16585" LABEL="StampZone" DESCRIPTION="block type StampZone"/><OtherTag ID="BT17545" LABEL="text" DESCRIPTION="block type text"/>
    <OtherTag ID="LT6926" LABEL="DefaultLine" DESCRIPTION="line type DefaultLine"/><OtherTag ID="LT6927" LABEL="HeadingLine" DESCRIPTION="line type HeadingLine"/><OtherTag ID="LT6928" LABEL="InterlinearLine" DESCRIPTION="line type InterlinearLine"/><OtherTag ID="LT7242" LABEL="default" DESCRIPTION="line type default"/>
  </Tags>
  
  <Layout>
    <Page WIDTH="3117"
          HEIGHT="4167"
          PHYSICAL_IMG_NR="4"
          ID="eSc_dummypage_">
      <PrintSpace HPOS="0"
                  VPOS="0"
                  WIDTH="3117"
                  HEIGHT="4167">
        
        <TextBlock HPOS="509"
                   VPOS="129"
                   WIDTH="2459"
                   HEIGHT="3396"
                   ID="eSc_textblock_5a5a2ba8"
                   TAGREFS="BT17545">
          <Shape><Polygon POINTS="1248 138 1324 212 1838 222 1894 340 1961 351 2174 296 2616 324 2598 386 2477 405 1831 377 1482 425 2607 453 2968 509 2959 3525 1102 3470 1055 2349 1093 979 1055 444 1102 398 1053 331 509 303 509 240 627 222 694 138 1030 129"/></Shape>
          
          
          <TextLine ID="eSc_line_fec96182"
                    TAGREFS="LT7242"
                    BASELINE="687 212 1229 192" 
                    HPOS="683"
                    VPOS="134"
                    WIDTH="546"
                    HEIGHT="104">
            <Shape><Polygon POINTS="1215 136 1192 136 1187 134 1102 148 1069 141 1053 136 1051 136 1049 136 1046 136 1044 136 1044 138 1039 143 1025 155 947 148 930 148 928 148 926 148 923 148 923 150 921 150 914 159 896 152 873 143 870 143 868 143 866 143 838 155 826 159 808 157 743 148 741 148 738 148 683 164 687 212 687 236 866 238 868 238 910 231 986 217 1030 229 1044 231 1046 231 1049 231 1051 231 1053 231 1058 226 1074 212 1134 212 1225 222 1229 192 1222 136 1215 136"/></Shape>
	    <String CONTENT="14 Octe. [1543]"
                    HPOS="683"
                    VPOS="134"
                    WIDTH="546"
                    HEIGHT="104"></String>
          </TextLine>

          
          
          <TextLine ID="eSc_line_0ab2df22"
                    TAGREFS="LT7242"
                    BASELINE="511 284 991 280 1262 289 1838 273" 
                    HPOS="509"
                    VPOS="217"
                    WIDTH="1329"
                    HEIGHT="123">
            <Shape><Polygon POINTS="1806 219 1792 219 1764 233 1762 233 1759 233 1706 217 1690 217 1681 217 1653 231 1634 219 1632 219 1630 219 1627 219 1625 219 1590 236 1588 238 1405 238 1382 219 1380 219 1377 219 1375 219 1373 219 1322 240 1317 243 1243 243 1243 240 1225 224 1225 222 1222 222 1220 222 1218 222 1215 222 1146 240 1116 224 1113 224 1111 224 1109 224 1106 224 1079 243 1076 243 854 226 852 226 849 226 805 247 805 250 745 250 685 250 650 231 648 231 555 231 532 236 527 236 509 247 511 284 511 312 829 310 847 319 861 326 863 326 866 326 949 319 963 319 965 319 1009 337 1011 337 1014 340 1132 340 1132 337 1134 337 1137 337 1157 321 1169 312 1218 310 1238 321 1259 335 1262 335 1264 335 1266 335 1398 324 1424 321 1438 324 1482 333 1484 333 1486 333 1509 324 1567 298 1678 296 1711 321 1713 321 1715 321 1734 326 1753 328 1755 328 1757 328 1762 326 1787 312 1834 326 1838 273 1836 229 1822 219 1806 219"/></Shape>
	    <String CONTENT="Calvin a Mme Le Franc (= Mme de Falais)"
                    HPOS="509"
                    VPOS="217"
                    WIDTH="1329"
                    HEIGHT="123"></String>
          </TextLine>

          
          
          <TextLine ID="eSc_line_c610c012"
                    TAGREFS="LT7242"
                    BASELINE="2132 351 2595 340" 
                    HPOS="2130"
                    VPOS="310"
                    WIDTH="465"
                    HEIGHT="78">
            <Shape><Polygon POINTS="2570 319 2547 319 2524 317 2501 314 2477 314 2454 312 2431 312 2408 310 2130 310 2132 351 2132 370 2218 388 2220 388 2223 388 2225 388 2225 386 2227 386 2237 375 2269 381 2271 381 2274 381 2276 381 2283 377 2294 370 2315 377 2338 386 2341 386 2343 386 2380 379 2470 363 2521 384 2531 388 2533 388 2535 388 2595 386 2595 340 2591 319 2570 319"/></Shape>
	    <String CONTENT="Calv. op. n° 50g"
                    HPOS="2130"
                    VPOS="310"
                    WIDTH="465"
                    HEIGHT="78"></String>
          </TextLine>

          
          
          <TextLine ID="eSc_line_0c1740ad"
                    TAGREFS="LT7242"
                    BASELINE="1088 522 2061 523 2961 560" 
                    HPOS="1084"
                    VPOS="430"
                    WIDTH="1876"
                    HEIGHT="167">
            <Shape><Polygon POINTS="2925 503 2894 496 2877 493 2627 489 2620 482 2592 458 2588 458 2585 458 2581 458 2442 475 2415 479 2373 475 2223 451 2220 451 2137 465 2078 475 2053 461 2022 447 2018 447 1817 447 1813 447 1810 447 1793 454 1754 468 1733 451 1723 441 1720 441 1716 441 1713 441 1709 441 1674 447 1608 465 1487 444 1483 444 1372 461 1341 441 1337 441 1334 441 1330 441 1327 441 1257 458 1226 434 1223 434 1219 434 1087 430 1087 520 1084 538 1181 566 1184 566 1487 569 1490 569 1494 569 1546 555 1560 552 1588 555 1716 576 1720 576 1723 576 1754 562 1768 555 1779 562 1813 576 1817 576 1820 576 1897 566 1942 559 1952 566 1966 579 1970 579 1973 579 1977 579 1980 579 2022 569 2064 559 2300 562 2328 579 2338 586 2342 586 2345 586 2349 586 2352 586 2355 586 2362 579 2387 566 2411 583 2422 590 2425 590 2428 590 2432 590 2488 583 2599 569 2686 590 2706 593 2953 597 2960 559 2957 503 2925 503"/></Shape>
	    <String CONTENT="Madamoisselle bien aymee ſeur, ie nay pas grāt matiere de"
                    HPOS="1084"
                    VPOS="430"
                    WIDTH="1876"
                    HEIGHT="167"></String>
          </TextLine>

          
          
          <TextLine ID="eSc_line_08489a14"
                    TAGREFS="LT7242"
                    BASELINE="1109 594 2051 604 2964 638" 
                    HPOS="1106"
                    VPOS="539"
                    WIDTH="1858"
                    HEIGHT="139">
            <Shape><Polygon POINTS="1109 594 1106 631 1236 629 1308 638 1354 643 1357 643 1359 643 1361 643 1366 638 1375 631 1394 638 1405 643 1407 643 1410 643 1412 643 1421 638 1447 629 1505 641 1544 648 1546 648 1593 641 1711 625 1748 643 1764 652 1766 652 1769 655 1850 655 1850 652 1852 652 1854 652 1864 645 1887 629 1968 629 1982 641 1984 641 1986 641 1989 641 2114 634 2160 638 2174 650 2190 664 2193 664 2195 664 2271 666 2274 666 2276 666 2315 652 2350 638 2466 638 2507 655 2565 673 2568 673 2570 673 2572 673 2616 655 2642 645 2660 657 2688 675 2690 675 2693 675 2765 678 2767 678 2769 678 2822 659 2843 652 2959 659 2964 638 2961 590 2718 592 2693 583 2637 564 2635 564 2633 564 2630 564 2589 583 2579 588 2429 588 2419 578 2396 560 2394 560 2392 560 2389 560 2343 569 1880 546 1878 546 1875 546 1801 569 1787 571 1773 569 1734 557 1732 557 1729 557 1727 557 1697 567 1685 569 1646 567 1625 564 1588 539 1586 539 1583 539 1581 539 1579 539 1498 562 1491 564 1470 562 1347 548 1345 548 1343 548 1340 548 1324 560 1322 560 1109 557 1109 594"/></Shape>
	    <String CONTENT="vous eſcrire pour le preſent, ſinon affin de vous faire ſcavoir"
                    HPOS="1106"
                    VPOS="539"
                    WIDTH="1858"
                    HEIGHT="139"></String>
          </TextLine>

          
          
          <TextLine ID="eSc_line_40372894"
                    TAGREFS="LT7242"
                    BASELINE="1125 682 2406 692 2971 724" 
                    HPOS="1123"
                    VPOS="631"
                    WIDTH="1848"
                    HEIGHT="119">
            <Shape><Polygon POINTS="1125 682 1123 717 1329 726 1331 726 1333 726 1347 722 1398 703 1574 701 1618 722 1621 722 1623 722 1625 722 1667 706 1778 717 1780 717 1831 708 1891 731 1896 733 1898 733 1993 736 1996 736 1998 736 2000 736 2003 733 2042 708 2111 724 2114 724 2116 724 2162 710 2197 722 2199 722 2202 722 2637 717 2690 745 2695 747 2697 747 2700 747 2716 747 2792 738 2966 750 2971 724 2968 673 2829 673 2825 669 2806 655 2804 655 2802 655 2799 655 2797 655 2795 655 2771 669 2769 669 2607 669 2589 666 2371 643 2369 643 2246 659 2225 662 2220 659 2193 641 2190 641 2188 641 2067 641 2065 641 2063 641 2012 655 2003 657 1993 655 1919 636 1917 636 1713 634 1711 634 1709 634 1662 650 1658 650 1651 650 1572 631 1570 631 1567 631 1523 648 1514 650 1502 645 1472 634 1470 634 1468 634 1465 634 1463 634 1447 645 1442 648 1403 645 1287 634 1285 634 1125 638 1125 682"/></Shape>
	    <String CONTENT="que iay receu voz lettres, leſquelles me dōnent bōne occaſion de"
                    HPOS="1123"
                    VPOS="631"
                    WIDTH="1848"
                    HEIGHT="119"></String>
          </TextLine>

          
          
          <TextLine ID="eSc_line_823d599f"
                    TAGREFS="LT7242"
                    BASELINE="1118 761 1787 757 2396 770 2943 803" 
                    HPOS="1118"
                    VPOS="706"
                    WIDTH="1825"
                    HEIGHT="129">
            <Shape><Polygon POINTS="1118 761 1118 796 1187 782 1271 798 1273 798 1368 784 1454 803 1456 803 1458 803 1461 803 1533 782 1597 807 1600 807 1602 807 1736 810 1739 810 1741 810 1743 810 1780 787 1986 800 1989 800 2047 791 2114 791 2176 819 2179 819 2181 819 2183 819 2195 819 2375 798 2408 821 2410 821 2413 821 2415 821 2417 821 2494 800 2549 800 2605 828 2607 828 2609 828 2734 831 2737 831 2739 831 2741 831 2792 812 2848 833 2850 833 2853 833 2855 835 2941 835 2943 803 2941 754 2774 738 2771 738 2769 738 2725 750 2721 750 2714 750 2651 731 2649 731 2646 731 2644 731 2586 745 2494 722 2491 722 2489 722 2417 736 2385 719 2382 719 2315 719 2313 719 2311 719 2308 719 2283 736 2155 715 2095 715 2093 715 2091 715 2088 715 2063 733 2042 717 2040 717 2037 717 2035 717 1949 731 1933 719 1931 719 1929 719 1926 719 1743 719 1711 706 1709 706 1706 706 1616 719 1463 706 1461 706 1384 722 1377 722 1118 717 1118 761"/></Shape>
	    <String CONTENT="remercier noﬅre ſeigneur de tant de graces quil vous a faictes."
                    HPOS="1118"
                    VPOS="706"
                    WIDTH="1825"
                    HEIGHT="129"></String>
          </TextLine>

          
          
          <TextLine ID="eSc_line_ba047585"
                    TAGREFS="LT7242"
                    BASELINE="1113 840 1523 833 2202 849 2723 872 2966 898" 
                    HPOS="1111"
                    VPOS="782"
                    WIDTH="1855"
                    HEIGHT="146">
            <Shape><Polygon POINTS="1113 840 1111 877 1315 884 1317 884 1319 884 1377 854 1449 854 1491 877 1493 877 1495 877 1498 877 1618 861 1648 882 1651 882 1653 882 1655 882 1757 863 1817 891 1820 891 1822 891 1824 891 1827 891 1866 868 2037 868 2100 886 2102 886 2105 886 2183 875 2301 907 2304 907 2306 907 2308 907 2311 907 2348 882 2521 912 2524 912 2526 912 2616 886 2679 921 2681 921 2961 928 2966 898 2964 844 2822 821 2820 821 2714 835 2628 814 2626 814 2623 814 2517 826 2461 810 2459 810 2457 810 2186 819 1935 796 1933 796 1831 805 1790 791 1787 791 1785 791 1783 791 1722 807 1720 807 1709 807 1428 782 1426 782 1329 796 1326 796 1322 796 1248 782 1245 782 1113 789 1113 840"/></Shape>
	    <String CONTENT="et ſingulieremēt de ce quil vous a ainſi diſpoſee a quiﬅer et"
                    HPOS="1111"
                    VPOS="782"
                    WIDTH="1855"
                    HEIGHT="146"></String>
          </TextLine>

          
          
          <TextLine ID="eSc_line_1d82addc"
                    TAGREFS="LT7242"
                    BASELINE="1118 923 1535 919 2026 930 2651 958 2855 979 2952 976" 
                    HPOS="1116"
                    VPOS="863"
                    WIDTH="1836"
                    HEIGHT="146">
            <Shape><Polygon POINTS="1118 923 1116 939 1143 956 1146 956 1148 956 1150 956 1187 942 1197 939 1220 944 1271 953 1273 953 1345 949 1463 939 1519 956 1567 969 1570 969 1572 969 1574 969 1600 958 1634 944 1741 946 1764 965 1766 965 1769 965 1771 965 1773 965 1806 949 2044 953 2095 972 2098 972 2100 972 2320 963 2410 965 2503 993 2519 997 2521 997 2635 1000 2637 1000 2639 1000 2644 997 2681 983 2778 1004 2797 1007 2947 1009 2952 976 2947 932 2716 928 2709 923 2660 902 2658 902 2656 902 2549 919 2535 919 2419 919 2413 914 2389 902 2387 902 2385 902 2382 902 2359 912 2352 914 2341 912 2246 882 2243 882 2241 882 2165 895 2132 879 2130 879 1847 872 1845 872 1843 872 1801 893 1799 893 1755 868 1753 868 1750 868 1748 868 1699 888 1609 863 1607 863 1604 863 1389 879 1299 884 1118 870 1118 923"/></Shape>
	    <String CONTENT="renoncer tout, pour vous adōner entieremēt a le ſervir. Ceﬅ"
                    HPOS="1116"
                    VPOS="863"
                    WIDTH="1836"
                    HEIGHT="146"></String>
          </TextLine>

          
          
          <TextLine ID="eSc_line_dc017f6f"
                    TAGREFS="LT7242"
                    BASELINE="1113 995 1648 1000 2329 1025 2679 1051 2975 1076" 
                    HPOS="1108"
                    VPOS="927"
                    WIDTH="1866"
                    HEIGHT="180">
            <Shape><Polygon POINTS="1111 993 1108 1013 1171 1041 1174 1041 1177 1041 1181 1041 1261 1020 1268 1017 1275 1020 1306 1034 1310 1034 1313 1034 1365 1024 1372 1024 1376 1024 1417 1052 1421 1052 1424 1052 1428 1052 1525 1034 1553 1027 1563 1034 1577 1048 1581 1048 1584 1048 1588 1048 1591 1048 1619 1038 1636 1031 1928 1034 1952 1055 1970 1069 1973 1069 1977 1069 1980 1069 2029 1059 2081 1048 2116 1066 2147 1079 2150 1079 2154 1079 2157 1079 2189 1069 2241 1048 2397 1052 2467 1083 2488 1090 2491 1090 2494 1090 2529 1086 2620 1073 2696 1093 2717 1100 2720 1100 2967 1107 2974 1073 2974 1007 2717 975 2713 975 2470 986 2446 986 2435 986 2352 961 2349 961 2345 961 2029 968 2018 968 2011 968 1803 941 1800 941 1796 941 1751 958 1695 937 1692 937 1688 937 1469 947 1466 947 1438 927 1435 927 1431 927 1428 927 1424 927 1421 927 1403 941 1383 927 1379 927 1376 927 1372 927 1111 934 1111 993"/></Shape>
	    <String CONTENT="bien une choſe que nous devons tous faire ſans contredict, et"
                    HPOS="1108"
                    VPOS="927"
                    WIDTH="1866"
                    HEIGHT="180"></String>
          </TextLine>

          
          
          <TextLine ID="eSc_line_2ab22e7d"
                    TAGREFS="LT7242"
                    BASELINE="1120 1078 1530 1076 1924 1088 2549 1134 2894 1145" 
                    HPOS="1118"
                    VPOS="1018"
                    WIDTH="1776"
                    HEIGHT="164">
            <Shape><Polygon POINTS="1120 1078 1118 1106 1285 1113 1287 1113 1289 1113 1292 1113 1308 1099 1324 1113 1326 1115 1329 1115 1331 1115 1398 1118 1401 1118 1419 1115 1512 1104 1542 1120 1546 1122 1549 1122 1551 1122 1572 1120 1667 1108 1690 1125 1692 1125 1695 1125 1787 1136 1790 1136 1792 1136 1810 1127 1834 1115 1996 1120 2049 1134 2079 1141 2081 1141 2186 1138 2299 1136 2315 1143 2362 1162 2364 1162 2366 1162 2480 1148 2498 1145 2503 1148 2519 1162 2519 1164 2521 1164 2524 1164 2579 1171 2582 1171 2584 1171 2656 1152 2658 1152 2663 1152 2748 1178 2751 1178 2846 1182 2848 1182 2850 1182 2892 1159 2894 1145 2892 1106 2639 1097 2633 1092 2586 1064 2584 1064 2582 1064 2579 1064 2577 1064 2503 1083 2470 1060 2468 1060 2466 1060 2424 1057 2213 1048 2211 1048 2209 1048 2162 1062 2088 1044 2086 1044 2084 1044 2081 1044 2047 1057 2026 1044 2023 1044 2021 1044 1896 1037 1894 1037 1808 1055 1801 1055 1794 1053 1729 1030 1727 1030 1725 1030 1722 1030 1674 1044 1565 1044 1558 1044 1558 1041 1533 1020 1533 1018 1530 1018 1528 1018 1526 1018 1523 1018 1484 1032 1419 1020 1417 1020 1414 1020 1380 1034 1370 1037 1120 1023 1120 1078"/></Shape>
	    <String CONTENT="meſme eﬅ cōme la premiere lecon de noﬅre Chreﬅiente."
                    HPOS="1118"
                    VPOS="1018"
                    WIDTH="1776"
                    HEIGHT="164"></String>
          </TextLine>

          
          
          <TextLine ID="eSc_line_2c5129b9"
                    TAGREFS="LT7242"
                    BASELINE="1111 1152 1903 1166 2549 1206 2707 1224 2941 1226" 
                    HPOS="1109"
                    VPOS="1099"
                    WIDTH="1832"
                    HEIGHT="153">
            <Shape><Polygon POINTS="1111 1152 1109 1182 1123 1192 1125 1192 1127 1192 1130 1192 1132 1192 1160 1180 1174 1173 1181 1180 1187 1187 1190 1187 1192 1187 1326 1201 1329 1203 1380 1203 1380 1201 1382 1201 1384 1201 1401 1189 1414 1180 1431 1192 1449 1203 1451 1203 1454 1203 1456 1203 1458 1203 1479 1194 1482 1192 1484 1194 1502 1206 1505 1206 1507 1206 1699 1215 1702 1215 1704 1215 1727 1203 1748 1194 1794 1206 1822 1213 1824 1213 1827 1213 1829 1213 1838 1208 1859 1196 1894 1208 1896 1208 1898 1208 2181 1208 2197 1220 2199 1220 2202 1220 2204 1220 2269 1210 2311 1226 2327 1233 2329 1233 2331 1233 2334 1233 2345 1229 2373 1217 2396 1231 2413 1240 2415 1240 2417 1240 2419 1240 2461 1233 2535 1220 2575 1238 2584 1243 2586 1243 2936 1252 2941 1226 2941 1173 2554 1166 2498 1159 2498 1157 2475 1138 2475 1136 2473 1136 2470 1136 2468 1136 2371 1152 2359 1155 2343 1152 2223 1127 2220 1127 2091 1136 1935 1118 1933 1118 1931 1118 1891 1132 1813 1113 1810 1113 1808 1113 1759 1127 1641 1106 1639 1106 1542 1125 1493 1106 1491 1106 1489 1106 1368 1118 1338 1104 1336 1104 1333 1104 1269 1118 1264 1118 1262 1118 1236 1099 1234 1099 1231 1099 1229 1099 1227 1099 1225 1099 1204 1115 1201 1115 1111 1113 1111 1152"/></Shape>
	    <String CONTENT="Mais la pluspart ſen acquitent treſmal. Ie loue doncq nᴖre"
                    HPOS="1109"
                    VPOS="1099"
                    WIDTH="1832"
                    HEIGHT="153"></String>
          </TextLine>

          
          
          <TextLine ID="eSc_line_f24d49d4"
                    TAGREFS="LT7242"
                    BASELINE="1123 1236 1896 1243 2512 1280 2894 1319" 
                    HPOS="1120"
                    VPOS="1176"
                    WIDTH="1774"
                    HEIGHT="157">
            <Shape><Polygon POINTS="1123 1236 1120 1257 1167 1266 1169 1266 1171 1266 1183 1261 1206 1250 1231 1261 1234 1263 1236 1263 1238 1263 1241 1263 1243 1263 1271 1247 1368 1268 1403 1275 1405 1275 1451 1273 1549 1263 1611 1280 1634 1284 1637 1284 1639 1284 1641 1284 1651 1280 1681 1266 1854 1284 1857 1284 1929 1273 2033 1296 2051 1301 2054 1301 2056 1301 2061 1298 2088 1284 2218 1284 2239 1296 2241 1296 2243 1296 2246 1296 2248 1296 2285 1287 2362 1312 2366 1312 2369 1312 2371 1314 2410 1314 2438 1314 2438 1312 2440 1312 2443 1312 2466 1294 2554 1314 2556 1314 2642 1307 2663 1324 2665 1324 2667 1324 2892 1333 2894 1319 2894 1263 2612 1254 2602 1250 2538 1226 2535 1226 2533 1226 2531 1226 2501 1243 2422 1243 2366 1243 2359 1238 2297 1215 2294 1215 2292 1215 2190 1222 2172 1210 2169 1210 2167 1210 2165 1210 2162 1210 2160 1210 2130 1229 2125 1231 2114 1229 2056 1210 2054 1210 2051 1210 1947 1217 1813 1196 1722 1194 1720 1194 1718 1194 1715 1194 1697 1208 1678 1194 1676 1194 1674 1194 1671 1194 1669 1194 1623 1206 1621 1206 1574 1194 1572 1194 1570 1194 1567 1194 1544 1203 1523 1210 1514 1201 1498 1187 1498 1185 1495 1185 1493 1185 1491 1185 1489 1185 1442 1199 1417 1206 1403 1196 1384 1182 1382 1182 1380 1182 1377 1182 1308 1192 1275 1196 1234 1189 1167 1176 1164 1176 1123 1182 1123 1236"/></Shape>
	    <String CONTENT="ſeigneur, de ce quil vous a faict ſentir que vault la"
                    HPOS="1120"
                    VPOS="1176"
                    WIDTH="1774"
                    HEIGHT="157"></String>
          </TextLine>

          
          
          <TextLine ID="eSc_line_1255c420"
                    TAGREFS="LT7242"
                    BASELINE="1083 1303 1806 1314 2091 1340 2496 1356 2732 1384 2873 1386" 
                    HPOS="1081"
                    VPOS="1250"
                    WIDTH="1792"
                    HEIGHT="155">
            <Shape><Polygon POINTS="1083 1303 1081 1324 1132 1345 1134 1345 1137 1345 1282 1333 1301 1333 1306 1335 1338 1351 1340 1351 1343 1354 1401 1354 1401 1351 1403 1351 1447 1340 1458 1338 1465 1342 1475 1351 1477 1351 1479 1351 1607 1361 1609 1361 1611 1361 1637 1349 1639 1349 1660 1363 1662 1363 1665 1363 1667 1363 1746 1354 1799 1349 1834 1358 1864 1368 1866 1368 1868 1368 1898 1361 1933 1354 2005 1365 2067 1377 2070 1377 2072 1377 2088 1370 2105 1363 2118 1372 2130 1379 2132 1379 2135 1379 2137 1379 2206 1375 2334 1368 2422 1386 2443 1389 2445 1389 2459 1386 2528 1375 2561 1391 2565 1393 2568 1393 2570 1393 2572 1393 2575 1393 2600 1384 2871 1405 2873 1386 2873 1338 2473 1324 2466 1319 2431 1307 2429 1307 2426 1307 2345 1314 2336 1314 2329 1314 2199 1284 2197 1284 2195 1284 2139 1305 2139 1307 2040 1307 2030 1301 1993 1277 1991 1277 1989 1277 1986 1277 1919 1287 1632 1268 1630 1268 1627 1268 1604 1280 1581 1268 1579 1268 1577 1268 1574 1268 1537 1282 1535 1282 1533 1282 1505 1261 1502 1261 1500 1261 1498 1261 1495 1261 1454 1270 1373 1257 1370 1257 1368 1257 1329 1268 1194 1250 1192 1250 1190 1250 1153 1266 1134 1273 1083 1263 1083 1303"/></Shape>
	    <String CONTENT="glōire de ſon nom, pour la preferer a tout le monde,"
                    HPOS="1081"
                    VPOS="1250"
                    WIDTH="1792"
                    HEIGHT="155"></String>
          </TextLine>

          
          
          <TextLine ID="eSc_line_2ef53996"
                    TAGREFS="LT7242"
                    BASELINE="1104 1391 1759 1395 2445 1435 2667 1476 2903 1479" 
                    HPOS="1102"
                    VPOS="1321"
                    WIDTH="1801"
                    HEIGHT="186">
            <Shape><Polygon POINTS="1102 1423 1225 1444 1227 1446 1347 1446 1347 1444 1394 1435 1465 1421 1583 1437 1586 1437 1588 1437 1609 1426 1627 1442 1630 1442 1632 1442 1634 1442 1718 1430 1757 1449 1794 1467 1797 1467 1799 1467 1801 1467 1845 1451 1875 1439 1959 1439 2021 1458 2084 1479 2086 1479 2088 1479 2153 1463 2197 1453 2433 1456 2482 1476 2535 1495 2538 1495 2785 1507 2788 1507 2901 1490 2903 1479 2903 1419 2737 1416 2718 1409 2679 1398 2677 1398 2674 1398 2672 1398 2649 1405 2635 1409 2519 1407 2505 1398 2482 1382 2480 1382 2477 1382 2327 1370 2325 1370 2142 1377 2044 1382 2023 1372 2010 1365 2007 1365 2005 1365 2003 1365 1991 1370 1979 1375 1975 1368 1961 1358 1961 1356 1959 1356 1956 1356 1852 1354 1850 1354 1847 1354 1845 1354 1834 1361 1827 1365 1794 1358 1736 1347 1734 1347 1688 1354 1604 1365 1442 1340 1396 1333 1394 1333 1391 1333 1382 1335 1324 1356 1169 1354 1106 1321 1104 1391 1102 1423"/></Shape>
	    <String CONTENT="et pareillemēt quelle felicite eﬅ de le ſervir en cōſciēce"
                    HPOS="1102"
                    VPOS="1321"
                    WIDTH="1801"
                    HEIGHT="186"></String>
          </TextLine>

          
          
          <TextLine ID="eSc_line_6456066e"
                    TAGREFS="LT7242"
                    BASELINE="1116 1472 2114 1497 2401 1520 2700 1560 2941 1571" 
                    HPOS="1113"
                    VPOS="1416"
                    WIDTH="1828"
                    HEIGHT="181">
            <Shape><Polygon POINTS="1116 1472 1113 1525 1197 1534 1199 1534 1201 1534 1213 1530 1294 1497 1310 1509 1313 1509 1315 1509 1317 1509 1319 1509 1345 1500 1410 1539 1419 1544 1421 1544 1424 1544 1426 1544 1449 1539 1523 1525 1586 1534 1588 1534 1590 1534 1634 1511 1713 1514 1732 1530 1732 1532 1734 1532 1736 1532 1739 1532 1810 1518 2010 1523 2074 1551 2077 1551 2079 1551 2264 1534 2331 1567 2334 1567 2336 1567 2338 1567 2382 1553 2440 1578 2452 1583 2454 1583 2457 1583 2484 1581 2591 1567 2674 1588 2693 1592 2695 1592 2938 1597 2941 1571 2941 1514 2651 1504 2649 1502 2630 1486 2628 1486 2626 1486 2623 1486 2563 1497 2561 1497 2558 1497 2422 1479 2419 1479 2313 1486 2287 1470 2285 1470 2283 1470 2281 1470 2237 1479 2165 1449 2162 1449 2160 1449 2158 1449 2088 1467 1979 1444 1977 1444 1975 1444 1938 1463 1850 1444 1847 1444 1845 1444 1808 1456 1718 1435 1715 1435 1713 1435 1683 1444 1671 1435 1671 1432 1669 1432 1667 1432 1491 1423 1489 1423 1389 1444 1336 1421 1333 1421 1245 1416 1243 1416 1116 1442 1116 1472"/></Shape>
	    <String CONTENT="paiſible: affin de reputer cela cōme le plus qrāt threſor"
                    HPOS="1113"
                    VPOS="1416"
                    WIDTH="1828"
                    HEIGHT="181"></String>
          </TextLine>

          
          
          <TextLine ID="eSc_line_559e37e6"
                    TAGREFS="LT7242"
                    BASELINE="1089 1550 1824 1571 2366 1608 2941 1666" 
                    HPOS="1084"
                    VPOS="1486"
                    WIDTH="1855"
                    HEIGHT="212">
            <Shape><Polygon POINTS="1087 1548 1084 1590 1925 1611 2053 1649 2060 1649 2064 1649 2067 1649 2074 1649 2161 1628 2248 1652 2251 1652 2255 1652 2376 1642 2449 1670 2456 1673 2460 1673 2463 1673 2481 1673 2627 1656 2700 1684 2703 1684 2706 1684 2800 1673 2932 1698 2939 1663 2939 1604 2686 1590 2682 1586 2599 1555 2595 1555 2592 1555 2494 1576 2491 1576 2477 1555 2474 1555 2474 1552 2470 1552 2467 1552 2463 1552 2321 1562 2244 1534 2241 1534 2237 1534 2091 1545 2067 1524 2064 1524 2060 1524 2057 1524 1935 1534 1824 1510 1525 1500 1522 1500 1518 1500 1476 1514 1466 1517 1316 1510 1310 1503 1289 1486 1285 1486 1282 1486 1278 1486 1087 1489 1087 1548"/></Shape>
	    <String CONTENT="qui vous puisse advenir. Car de vous exhorter beaucoup,"
                    HPOS="1084"
                    VPOS="1486"
                    WIDTH="1855"
                    HEIGHT="212"></String>
          </TextLine>

          
          
          <TextLine ID="eSc_line_da371458"
                    TAGREFS="LT7242"
                    BASELINE="1113 1648 1709 1657 2281 1687 2621 1717 2762 1740 2945 1750" 
                    HPOS="1111"
                    VPOS="1590"
                    WIDTH="1834"
                    HEIGHT="185">
            <Shape><Polygon POINTS="1113 1648 1111 1694 1164 1696 1167 1696 1169 1696 1231 1669 1301 1683 1303 1683 1384 1671 1414 1683 1417 1683 1419 1683 1516 1678 1551 1699 1553 1699 1556 1699 1558 1699 1560 1699 1614 1683 1755 1699 1757 1699 1829 1692 1901 1731 1903 1731 1905 1731 1908 1731 1910 1731 1912 1731 1986 1699 2063 1738 2065 1738 2067 1738 2070 1738 2091 1738 2167 1736 2169 1736 2243 1713 2315 1750 2318 1750 2320 1750 2322 1750 2334 1750 2521 1726 2721 1766 2734 1768 2941 1775 2945 1750 2945 1694 2714 1685 2711 1683 2665 1655 2663 1655 2660 1655 2658 1655 2656 1655 2582 1676 2494 1659 2491 1659 2422 1666 2373 1634 2371 1634 2369 1634 2176 1625 2174 1625 2079 1632 1966 1618 1963 1618 1961 1618 1924 1632 1854 1611 1852 1611 1850 1611 1847 1611 1845 1611 1820 1629 1750 1606 1748 1606 1746 1606 1681 1620 1595 1606 1593 1606 1493 1618 1380 1590 1377 1590 1375 1590 1373 1590 1317 1618 1241 1601 1238 1601 1236 1601 1234 1601 1211 1615 1113 1613 1113 1648"/></Shape>
	    <String CONTENT="quāt ie voy que vous eﬅes deſia ainſi pleinemēt reſolue,"
                    HPOS="1111"
                    VPOS="1590"
                    WIDTH="1834"
                    HEIGHT="185"></String>
          </TextLine>

          
          
          <TextLine ID="eSc_line_26a6a7ca"
                    TAGREFS="LT7242"
                    BASELINE="1123 1738 1713 1745 2385 1782 2697 1817 2899 1821" 
                    HPOS="1123"
                    VPOS="1678"
                    WIDTH="1776"
                    HEIGHT="167">
            <Shape><Polygon POINTS="1123 1738 1123 1770 1183 1764 1199 1775 1204 1780 1206 1780 1208 1780 1273 1782 1275 1782 1278 1782 1289 1777 1343 1757 1472 1784 1514 1794 1516 1794 1581 1789 1655 1784 1667 1794 1669 1796 1671 1796 1674 1796 1676 1796 1678 1796 1681 1796 1683 1794 1702 1780 1729 1796 1746 1803 1748 1803 1750 1803 1753 1803 1769 1796 1820 1777 1889 1801 1901 1805 1903 1805 1905 1805 1908 1805 1919 1803 1991 1784 2299 1796 2320 1810 2322 1810 2325 1810 2327 1810 2329 1810 2357 1801 2417 1821 2422 1824 2424 1824 2426 1824 2429 1824 2431 1824 2457 1810 2526 1824 2528 1824 2531 1824 2568 1810 2637 1831 2683 1845 2686 1845 2688 1845 2897 1840 2899 1821 2899 1775 2667 1766 2665 1764 2628 1738 2626 1738 2623 1738 2621 1738 2619 1738 2575 1759 2410 1733 2408 1733 2406 1733 2403 1733 2387 1745 2362 1724 2359 1724 2357 1724 2355 1724 2352 1724 2315 1738 2262 1715 2260 1715 2257 1715 2091 1733 2035 1706 2033 1706 1947 1703 1945 1703 1857 1722 1827 1696 1824 1696 1822 1696 1820 1696 1736 1706 1676 1689 1674 1689 1671 1689 1669 1689 1593 1710 1553 1685 1551 1685 1549 1685 1491 1683 1489 1683 1486 1683 1421 1708 1345 1706 1285 1678 1282 1678 1280 1678 1278 1678 1220 1701 1178 1685 1176 1685 1174 1685 1171 1685 1123 1696 1123 1738"/></Shape>
	    <String CONTENT="ce ſerait choſe ſuperflue, cōme il me ſemble, ſinon que"
                    HPOS="1123"
                    VPOS="1678"
                    WIDTH="1776"
                    HEIGHT="167"></String>
          </TextLine>

          
          
          <TextLine ID="eSc_line_68465e04"
                    TAGREFS="LT7242"
                    BASELINE="1116 1824 1695 1828 2459 1882 2890 1928" 
                    HPOS="1113"
                    VPOS="1754"
                    WIDTH="1777"
                    HEIGHT="199">
            <Shape><Polygon POINTS="1116 1824 1113 1849 1352 1849 1431 1870 1433 1870 1435 1870 1438 1870 1502 1849 1558 1863 1560 1863 1563 1863 1674 1856 1868 1865 1889 1882 1891 1882 1894 1882 1896 1882 1898 1882 1917 1872 1942 1889 1945 1889 1947 1889 1949 1889 1952 1889 1991 1879 2023 1902 2026 1902 2028 1902 2030 1902 2033 1902 2086 1884 2160 1884 2237 1886 2281 1919 2283 1919 2285 1919 2287 1919 2290 1919 2357 1898 2371 1909 2373 1909 2375 1909 2378 1909 2438 1900 2644 1939 2885 1953 2890 1928 2890 1877 2667 1865 2660 1861 2612 1828 2609 1828 2607 1828 2507 1824 2505 1824 2503 1824 2463 1842 2424 1828 2422 1828 2419 1828 2417 1828 2385 1842 2382 1842 2375 1840 2329 1821 2327 1821 2325 1821 2322 1821 2320 1821 2301 1835 2294 1840 2243 1831 2195 1824 2193 1824 2172 1826 2132 1833 2116 1824 2079 1798 2077 1798 2074 1798 1685 1777 1683 1777 1618 1789 1563 1798 1542 1784 1530 1775 1528 1775 1526 1775 1523 1775 1498 1780 1438 1794 1407 1794 1384 1773 1375 1764 1373 1764 1370 1764 1368 1764 1340 1770 1275 1784 1164 1780 1118 1754 1116 1824"/></Shape>
	    <String CONTENT="ie mecte peine de vous confermer en ce ſainct propos."
                    HPOS="1113"
                    VPOS="1754"
                    WIDTH="1777"
                    HEIGHT="199"></String>
          </TextLine>

          
          
          <TextLine ID="eSc_line_577b84a2"
                    TAGREFS="LT7242"
                    BASELINE="1110 1921 1572 1916 2111 1939 2496 1979 2679 1986 2767 2014 2897 2023" 
                    HPOS="1105"
                    VPOS="1843"
                    WIDTH="1789"
                    HEIGHT="195">
            <Shape><Polygon POINTS="1108 1920 1105 1961 1216 1948 1320 1975 1323 1975 1327 1975 1330 1975 1337 1975 1483 1948 1567 1968 1570 1968 1574 1968 1577 1968 1636 1955 1667 1982 1671 1982 1674 1982 1678 1982 1681 1982 1733 1958 1813 1996 1817 1996 1820 1996 1824 1996 1827 1996 1831 1996 1900 1965 1963 1965 1994 2000 1994 2003 1998 2003 2001 2003 2081 2007 2084 2007 2088 2007 2150 1975 2289 1979 2328 2014 2328 2017 2331 2017 2335 2017 2338 2017 2345 2017 2442 1996 2533 2020 2536 2020 2540 2020 2616 2010 2891 2038 2894 2020 2894 1944 2265 1916 2251 1906 2161 1868 2157 1868 2154 1868 2025 1878 1966 1861 1963 1861 1959 1861 1956 1861 1952 1861 1932 1878 1806 1854 1803 1854 1685 1878 1674 1878 1664 1875 1584 1843 1581 1843 1577 1843 1466 1864 1442 1868 1108 1847 1108 1920"/></Shape>
	    <String CONTENT="Or ieſpere bien,  qᴖ noﬅre ſeigneur na pas allume un tel"
                    HPOS="1105"
                    VPOS="1843"
                    WIDTH="1789"
                    HEIGHT="195"></String>
          </TextLine>

          
          
          <TextLine ID="eSc_line_f12666af"
                    TAGREFS="LT7242"
                    BASELINE="1116 2009 1727 2009 1864 2027 2487 2060 2883 2104" 
                    HPOS="1116"
                    VPOS="1946"
                    WIDTH="1767"
                    HEIGHT="172">
            <Shape><Polygon POINTS="1116 2009 1116 2041 1294 2018 1370 2053 1373 2053 1375 2053 1377 2053 1484 2027 1519 2030 1551 2060 1553 2060 1556 2060 1558 2060 1560 2060 1611 2032 1790 2037 1873 2074 1875 2074 1878 2074 1880 2074 1959 2048 2054 2064 2056 2064 2123 2053 2225 2076 2227 2076 2230 2076 2283 2062 2320 2088 2322 2088 2325 2088 2327 2088 2438 2078 2501 2102 2503 2102 2880 2118 2883 2104 2883 2046 2690 2037 2579 2009 2577 2009 2489 2025 2373 1993 2371 1993 2369 1993 2366 1993 2301 2018 2283 2004 2281 2004 2278 2004 2276 2004 2197 2009 2165 1986 2162 1986 2160 1986 2158 1986 2155 1986 2084 2009 2079 2009 2072 2007 2005 1983 2003 1983 2000 1983 1998 1983 1996 1983 1968 2002 1963 2004 1878 2002 1873 2000 1799 1967 1797 1967 1380 1951 1377 1951 1264 1970 1211 1946 1208 1946 1206 1946 1204 1946 1201 1946 1183 1963 1116 1963 1116 2009"/></Shape>
	    <String CONTENT="zele &amp; deſir en vous, quil ne vous vueille ſaire la"
                    HPOS="1116"
                    VPOS="1946"
                    WIDTH="1767"
                    HEIGHT="172"></String>
          </TextLine>

          
          
          <TextLine ID="eSc_line_2e8c8260"
                    TAGREFS="LT7242"
                    BASELINE="1111 2097 1660 2097 2239 2127 2433 2155 2913 2180" 
                    HPOS="1111"
                    VPOS="2018"
                    WIDTH="1802"
                    HEIGHT="181">
            <Shape><Polygon POINTS="1111 2097 1111 2106 1146 2106 1150 2106 1201 2134 1204 2134 1206 2134 1208 2134 1273 2113 1301 2106 1357 2106 1377 2120 1410 2139 1412 2139 1414 2139 1417 2139 1479 2125 1521 2115 1741 2134 1743 2134 1827 2127 1847 2141 1850 2141 1852 2141 1854 2143 2095 2143 2125 2159 2149 2171 2151 2171 2153 2171 2155 2171 2158 2171 2172 2162 2197 2143 2248 2143 2285 2166 2292 2173 2294 2173 2297 2173 2910 2199 2913 2180 2910 2125 2751 2120 2748 2118 2702 2088 2700 2088 2697 2088 2695 2088 2577 2106 2450 2088 2447 2088 2445 2088 2399 2104 2396 2104 2394 2104 2327 2085 2325 2085 2322 2085 2165 2095 2151 2095 2146 2095 2070 2064 2067 2064 2065 2064 2063 2064 2003 2083 1952 2046 1949 2046 1947 2046 1945 2046 1854 2053 1641 2034 1639 2034 1572 2048 1546 2030 1544 2030 1542 2030 1491 2027 1435 2027 1433 2027 1431 2027 1387 2048 1361 2032 1359 2032 1357 2032 1354 2032 1352 2032 1350 2032 1326 2048 1241 2018 1238 2018 1236 2018 1234 2018 1150 2055 1111 2055 1111 2097"/></Shape>
	    <String CONTENT="grace de ꝑvenir ou il vous poulſe. Et dadvātaige"
                    HPOS="1111"
                    VPOS="2018"
                    WIDTH="1802"
                    HEIGHT="181"></String>
          </TextLine>

          
          
          <TextLine ID="eSc_line_ddd2bd3a"
                    TAGREFS="LT7242"
                    BASELINE="1109 2180 1963 2196 2894 2268" 
                    HPOS="1106"
                    VPOS="2115"
                    WIDTH="1788"
                    HEIGHT="188">
            <Shape><Polygon POINTS="1109 2180 1106 2187 1243 2220 1245 2220 1338 2203 1380 2196 1412 2208 1470 2231 1472 2231 1475 2233 1514 2233 1514 2231 1516 2231 1519 2231 1539 2217 1560 2206 1604 2206 1632 2222 1665 2240 1667 2240 1748 2245 1750 2245 1753 2245 1785 2233 1820 2220 1882 2220 1935 2243 1973 2257 1975 2257 1977 2257 1979 2257 2010 2247 2056 2231 2283 2240 2325 2261 2327 2261 2329 2261 2331 2261 2334 2261 2355 2247 2373 2259 2375 2259 2378 2259 2380 2259 2382 2259 2419 2250 2528 2280 2542 2284 2545 2284 2607 2287 2609 2287 2612 2287 2614 2287 2658 2268 2890 2303 2894 2268 2894 2222 2758 2217 2753 2215 2697 2192 2695 2192 2693 2192 2690 2192 2656 2208 2445 2201 2443 2199 2382 2162 2380 2162 2378 2162 2375 2162 2373 2162 2287 2189 2271 2189 2216 2189 2216 2187 2199 2173 2197 2173 2195 2173 2193 2173 2142 2178 2070 2146 2067 2146 1750 2129 1748 2129 1590 2139 1523 2118 1521 2118 1472 2115 1470 2115 1468 2115 1389 2143 1264 2125 1262 2125 1109 2132 1109 2180"/></Shape>
	    <String CONTENT="il en a moﬅre deſia de ſi bons cōmēcemēs, quil nous"
                    HPOS="1106"
                    VPOS="2115"
                    WIDTH="1788"
                    HEIGHT="188"></String>
          </TextLine>

          
          
          <TextLine ID="eSc_line_eb417e20"
                    TAGREFS="LT7242"
                    BASELINE="1097 2275 1787 2280 2211 2315 2924 2347" 
                    HPOS="1095"
                    VPOS="2206"
                    WIDTH="1829"
                    HEIGHT="169">
            <Shape><Polygon POINTS="1097 2275 1095 2319 1155 2321 1157 2321 1160 2321 1208 2296 1296 2296 1333 2324 1336 2324 1338 2324 1340 2324 1343 2324 1412 2301 1479 2331 1486 2333 1489 2333 1646 2338 1648 2338 1651 2338 1658 2335 1697 2312 1739 2328 1741 2328 1743 2328 1806 2315 1868 2333 1871 2333 1873 2333 1910 2328 1931 2342 1938 2347 1940 2347 1942 2347 1945 2347 1947 2347 1959 2342 1998 2324 2065 2324 2237 2349 2331 2363 2334 2363 2408 2354 2461 2347 2487 2356 2501 2361 2503 2361 2505 2361 2507 2361 2524 2356 2570 2342 2616 2358 2658 2375 2660 2375 2663 2375 2727 2361 2746 2358 2755 2363 2774 2372 2776 2372 2778 2372 2922 2365 2924 2347 2922 2298 2473 2284 2459 2277 2419 2259 2417 2259 2415 2259 2413 2259 2364 2273 2345 2277 2336 2271 2311 2254 2308 2254 2306 2254 2211 2247 2209 2247 2206 2247 2167 2264 2151 2271 2058 2261 2054 2259 2012 2236 2010 2236 2007 2236 1933 2254 1917 2257 1908 2252 1868 2231 1866 2231 1783 2229 1780 2229 1778 2229 1736 2245 1718 2252 1702 2243 1671 2224 1669 2224 1667 2224 1665 2224 1593 2238 1579 2240 1577 2238 1553 2220 1551 2220 1549 2220 1546 2220 1456 2229 1322 2213 1319 2213 1264 2224 1227 2231 1199 2222 1162 2206 1160 2206 1157 2206 1097 2215 1097 2275"/></Shape>
	    <String CONTENT="fault fier en luy quil ꝑfera. Il eﬅ vray et que de"
                    HPOS="1095"
                    VPOS="2206"
                    WIDTH="1829"
                    HEIGHT="169"></String>
          </TextLine>

          
          
          <TextLine ID="eSc_line_9c4597f0"
                    TAGREFS="LT7242"
                    BASELINE="1111 2358 1996 2375 2285 2402 2927 2433" 
                    HPOS="1109"
                    VPOS="2308"
                    WIDTH="1818"
                    HEIGHT="152">
            <Shape><Polygon POINTS="1111 2358 1109 2396 1199 2412 1201 2412 1204 2412 1229 2400 1259 2389 1282 2402 1303 2416 1306 2416 1308 2416 1310 2419 1352 2419 1352 2416 1354 2416 1357 2416 1370 2407 1391 2391 1401 2400 1403 2400 1405 2400 1407 2400 1410 2400 1442 2386 1776 2393 1799 2414 1801 2414 1803 2414 1806 2414 1808 2414 1843 2400 1873 2423 1885 2435 1887 2435 1889 2435 1933 2437 1935 2437 1938 2437 1940 2437 1954 2428 1996 2402 2072 2402 2188 2412 2211 2430 2213 2430 2216 2430 2218 2430 2220 2430 2269 2419 2327 2440 2357 2451 2359 2451 2362 2451 2364 2451 2366 2451 2378 2442 2399 2430 2519 2430 2589 2449 2619 2458 2621 2458 2922 2460 2927 2433 2924 2386 2853 2372 2850 2372 2806 2382 2799 2382 2753 2379 2394 2358 2392 2358 2255 2363 2250 2363 2248 2363 2165 2338 2162 2338 2160 2338 2047 2347 1776 2326 1773 2326 1681 2342 1653 2321 1651 2321 1648 2321 1523 2317 1521 2317 1519 2317 1477 2331 1428 2317 1426 2317 1424 2317 1421 2317 1419 2317 1403 2328 1285 2315 1282 2315 1280 2315 1255 2324 1213 2308 1211 2308 1208 2308 1111 2326 1111 2358"/></Shape>
	    <String CONTENT="voﬅre part vous avez de grans barres pour vous empeſcher,"
                    HPOS="1109"
                    VPOS="2308"
                    WIDTH="1818"
                    HEIGHT="152"></String>
          </TextLine>

          
          
          <TextLine ID="eSc_line_815da631"
                    TAGREFS="LT7242"
                    BASELINE="1113 2460 1593 2456 2174 2477 2438 2507 2790 2516" 
                    HPOS="1111"
                    VPOS="2396"
                    WIDTH="1679"
                    HEIGHT="138">
            <Shape><Polygon POINTS="1113 2460 1111 2474 1141 2483 1143 2483 1146 2483 1148 2483 1162 2477 1176 2470 1192 2479 1218 2490 1220 2490 1222 2490 1225 2490 1250 2481 1273 2470 1301 2481 1310 2486 1313 2486 1315 2486 1317 2486 1329 2483 1370 2472 1407 2486 1454 2504 1456 2504 1458 2504 1461 2504 1493 2488 1519 2477 1704 2479 1764 2500 1769 2500 1771 2500 1773 2500 1776 2500 1778 2500 1799 2488 1824 2500 1831 2504 1834 2504 1836 2504 1852 2502 1912 2488 2021 2488 2037 2504 2040 2504 2042 2504 2044 2504 2167 2500 2186 2514 2199 2525 2202 2525 2204 2525 2206 2525 2209 2525 2232 2516 2264 2502 2292 2518 2306 2527 2308 2527 2311 2527 2785 2534 2790 2516 2788 2467 2501 2449 2498 2449 2496 2449 2473 2456 2459 2458 2436 2453 2371 2440 2369 2440 2283 2449 2267 2449 2264 2446 2246 2435 2243 2435 2241 2435 2239 2435 2237 2435 2206 2446 2197 2449 2183 2444 2144 2430 2142 2430 2139 2430 2137 2430 2098 2442 2086 2444 2047 2440 1954 2428 1952 2428 1949 2428 1926 2435 1919 2437 1917 2435 1878 2407 1875 2407 1873 2407 1871 2407 1748 2419 1711 2402 1709 2402 1407 2396 1405 2396 1287 2412 1250 2398 1248 2398 1245 2398 1243 2398 1241 2398 1225 2409 1206 2423 1113 2407 1113 2460"/></Shape>
	    <String CONTENT="et le gentilhōme de la ſienne encor plus. Mais en vous"
                    HPOS="1111"
                    VPOS="2396"
                    WIDTH="1679"
                    HEIGHT="138"></String>
          </TextLine>

          
          
          <TextLine ID="eSc_line_6dfd58b3"
                    TAGREFS="LT7242"
                    BASELINE="1116 2546 2144 2562 2457 2590 2924 2611" 
                    HPOS="1113"
                    VPOS="2488"
                    WIDTH="1811"
                    HEIGHT="144">
            <Shape><Polygon POINTS="1116 2546 1113 2569 1248 2592 1250 2592 1252 2592 1285 2576 1319 2576 1470 2569 1502 2581 1563 2602 1565 2602 1567 2602 1570 2602 1611 2583 1618 2581 1625 2583 1660 2595 1662 2595 1665 2595 1667 2595 1697 2585 1729 2576 1919 2578 1954 2592 2017 2613 2019 2613 2021 2613 2135 2597 2197 2588 2243 2599 2262 2604 2264 2604 2267 2604 2294 2602 2336 2595 2362 2602 2413 2620 2415 2620 2417 2620 2628 2613 2651 2629 2653 2629 2656 2629 2839 2632 2841 2632 2843 2632 2846 2632 2864 2615 2866 2615 2920 2615 2924 2611 2922 2558 2711 2553 2709 2551 2670 2532 2667 2532 2665 2532 2582 2546 2570 2548 2565 2546 2540 2534 2538 2534 2535 2534 2533 2534 2505 2544 2501 2546 2489 2544 2429 2532 2426 2532 2336 2539 2311 2541 2304 2539 2250 2518 2248 2518 2246 2518 2243 2518 2209 2532 2019 2504 2017 2504 2014 2504 1968 2530 1963 2532 1959 2530 1942 2521 1940 2521 1938 2521 1880 2525 1841 2500 1838 2500 1836 2500 1834 2500 1665 2511 1625 2495 1623 2495 1621 2495 1458 2502 1340 2488 1338 2488 1336 2488 1289 2509 1266 2497 1264 2497 1262 2497 1213 2509 1197 2511 1116 2507 1116 2546"/></Shape>
	    <String CONTENT="armant de la force de nᴖre ſeigneur vous les ſurmōterez auſsi"
                    HPOS="1113"
                    VPOS="2488"
                    WIDTH="1811"
                    HEIGHT="144"></String>
          </TextLine>

          
          
          <TextLine ID="eSc_line_d56f0eb5"
                    TAGREFS="LT7242"
                    BASELINE="1109 2639 1553 2632 2014 2659 2318 2664 2873 2703" 
                    HPOS="1106"
                    VPOS="2571"
                    WIDTH="1767"
                    HEIGHT="174">
            <Shape><Polygon POINTS="1109 2639 1106 2673 1187 2678 1190 2678 1192 2678 1248 2650 1326 2650 1403 2687 1405 2687 1407 2687 1410 2687 1412 2687 1414 2687 1465 2666 1493 2690 1495 2690 1498 2690 1565 2694 1567 2694 1570 2694 1572 2694 1634 2669 1727 2676 1753 2699 1755 2699 1757 2699 1759 2699 1762 2699 1764 2699 1799 2678 1822 2690 1824 2690 1827 2690 1903 2676 1956 2708 1959 2708 1961 2708 1970 2710 2135 2717 2137 2717 2139 2717 2142 2717 2183 2687 2230 2701 2232 2701 2234 2701 2357 2694 2413 2727 2413 2729 2415 2729 2417 2729 2475 2731 2477 2731 2480 2731 2482 2731 2531 2706 2644 2706 2866 2745 2873 2703 2873 2652 2832 2634 2829 2634 2827 2634 2825 2634 2822 2634 2795 2650 2788 2650 2623 2646 2623 2643 2558 2618 2556 2618 2473 2613 2470 2613 2468 2613 2396 2632 2306 2606 2304 2606 2301 2606 2299 2606 2260 2622 2072 2599 2070 2599 2067 2599 2065 2599 2040 2618 2007 2595 2005 2595 2003 2595 1905 2590 1903 2590 1901 2590 1898 2590 1878 2606 1852 2595 1850 2595 1847 2595 1746 2609 1736 2609 1727 2609 1614 2578 1611 2578 1609 2578 1607 2578 1526 2599 1521 2599 1505 2599 1336 2581 1333 2581 1255 2588 1250 2588 1215 2571 1213 2571 1211 2571 1109 2581 1109 2639"/></Shape>
	    <String CONTENT="aisement que feﬅus, passant ꝑ deſsus ſans difficulte: non"
                    HPOS="1106"
                    VPOS="2571"
                    WIDTH="1767"
                    HEIGHT="174"></String>
          </TextLine>

          
          
          <TextLine ID="eSc_line_c84602d7"
                    TAGREFS="LT7242"
                    BASELINE="1116 2722 1952 2734 2359 2752 2931 2798" 
                    HPOS="1113"
                    VPOS="2666"
                    WIDTH="1818"
                    HEIGHT="158">
            <Shape><Polygon POINTS="1116 2722 1113 2761 1208 2750 1516 2778 1528 2778 1530 2778 1533 2778 1586 2752 1623 2759 1625 2759 1627 2759 1669 2745 1838 2750 1871 2766 1873 2766 1875 2766 2028 2759 2098 2796 2107 2801 2109 2801 2111 2801 2114 2801 2123 2796 2186 2766 2232 2766 2426 2794 2429 2794 2547 2780 2600 2812 2609 2819 2612 2819 2614 2819 2616 2819 2646 2815 2683 2805 2714 2817 2737 2824 2739 2824 2741 2824 2929 2821 2931 2798 2931 2743 2818 2722 2815 2722 2813 2722 2760 2736 2753 2736 2739 2736 2637 2720 2635 2720 2575 2729 2570 2729 2568 2729 2556 2717 2554 2717 2551 2717 2549 2717 2510 2727 2503 2727 2475 2724 2271 2706 2269 2706 2023 2706 1935 2690 1702 2683 1699 2683 1637 2694 1627 2694 1609 2692 1428 2671 1426 2671 1424 2671 1387 2685 1382 2685 1377 2685 1303 2666 1301 2666 1116 2673 1116 2722"/></Shape>
	    <String CONTENT="pas ſelon la chair, mais tellemēt que vous congnoiﬅrez eﬅre"
                    HPOS="1113"
                    VPOS="2666"
                    WIDTH="1818"
                    HEIGHT="158"></String>
          </TextLine>

          
          
          <TextLine ID="eSc_line_d70ba3e8"
                    TAGREFS="LT7242"
                    BASELINE="1120 2821 1878 2812 2308 2838 2507 2861 2871 2877" 
                    HPOS="1115"
                    VPOS="2746"
                    WIDTH="1755"
                    HEIGHT="157">
            <Shape><Polygon POINTS="2783 2784 2766 2781 2738 2802 2731 2802 2533 2802 2526 2795 2498 2771 2498 2767 2494 2767 2491 2767 2488 2767 2484 2767 2439 2791 2425 2798 2296 2795 2286 2788 2234 2764 2230 2764 2227 2764 2067 2781 2053 2781 2046 2781 1984 2757 1980 2757 1588 2753 1584 2753 1525 2764 1494 2771 1480 2764 1459 2753 1455 2753 1452 2753 1449 2753 1414 2760 1351 2778 1282 2757 1244 2746 1240 2746 1237 2746 1233 2746 1212 2757 1171 2778 1118 2753 1118 2819 1115 2847 1250 2878 1254 2878 1257 2878 1306 2854 1323 2847 1344 2857 1403 2882 1407 2882 1410 2882 1414 2882 1417 2882 1417 2878 1442 2857 1462 2840 1932 2843 2011 2854 2046 2878 2064 2892 2067 2892 2071 2892 2074 2892 2078 2892 2081 2892 2098 2878 2130 2861 2171 2882 2199 2896 2203 2896 2206 2896 2210 2896 2244 2885 2338 2854 2390 2885 2394 2885 2397 2885 2428 2889 2515 2899 2863 2903 2870 2875 2870 2802 2800 2784 2783 2784"/></Shape>
	    <String CONTENT="verifie en vous ce que dict le prophete. Le ſeigneur"
                    HPOS="1115"
                    VPOS="2746"
                    WIDTH="1755"
                    HEIGHT="157"></String>
          </TextLine>

          
          
          <TextLine ID="eSc_line_0269ef19"
                    TAGREFS="LT7242"
                    BASELINE="1120 2916 1509 2896 1824 2896 2155 2928 2938 2972" 
                    HPOS="1118"
                    VPOS="2845"
                    WIDTH="1820"
                    HEIGHT="155">
            <Shape><Polygon POINTS="1120 2916 1118 2933 1285 2937 1287 2937 1289 2937 1326 2921 1354 2935 1357 2935 1359 2935 1361 2935 1412 2916 1477 2946 1479 2946 1482 2946 1484 2946 1486 2946 1539 2912 1655 2930 1658 2930 1722 2919 1956 2926 1986 2942 1989 2942 1991 2942 1993 2942 2023 2930 2144 2967 2146 2967 2149 2967 2151 2967 2204 2946 2426 2977 2429 2977 2507 2965 2619 2988 2633 2990 2635 2990 2646 2990 2723 2977 2753 2993 2758 2995 2760 2995 2762 2995 2778 2995 2894 2984 2934 3000 2938 2972 2936 2926 2906 2926 2901 2923 2876 2903 2873 2903 2871 2903 2869 2903 2866 2903 2827 2921 2825 2921 2809 2919 2623 2896 2621 2896 2619 2896 2616 2896 2593 2912 2589 2914 2403 2909 2392 2905 2283 2870 2281 2870 2278 2870 2276 2870 2239 2884 2158 2865 2155 2865 2023 2877 1959 2859 1956 2859 1954 2859 1859 2872 1836 2854 1834 2854 1831 2854 1611 2845 1609 2845 1407 2868 1398 2868 1315 2868 1313 2865 1296 2852 1296 2849 1294 2849 1292 2849 1289 2849 1120 2856 1120 2916"/></Shape>
	    <String CONTENT="diſpoſe mes pieds cōme a un cerf. ſeulemēt gardez vous de"
                    HPOS="1118"
                    VPOS="2845"
                    WIDTH="1820"
                    HEIGHT="155"></String>
          </TextLine>

          
          
          <TextLine ID="eSc_line_d5b04bc0"
                    TAGREFS="LT7242"
                    BASELINE="1104 3011 1507 2990 1954 2997 2927 3069" 
                    HPOS="1102"
                    VPOS="2926"
                    WIDTH="1825"
                    HEIGHT="187">
            <Shape><Polygon POINTS="1104 3011 1102 3023 1273 3030 1275 3030 1278 3030 1308 3014 1333 3034 1336 3034 1338 3034 1391 3037 1394 3037 1396 3037 1456 3002 1468 3014 1470 3014 1472 3014 1475 3014 1542 3002 1651 3016 1718 3053 1720 3053 1722 3053 1725 3053 1727 3053 1794 3014 1871 3046 1873 3046 1875 3046 1878 3046 1938 3021 2017 3037 2019 3037 2021 3037 2058 3028 2130 3074 2132 3074 2135 3074 2137 3074 2139 3074 2230 3037 2350 3039 2507 3069 2510 3069 2512 3069 2542 3055 2649 3074 2651 3074 2653 3074 2683 3065 2744 3104 2746 3104 2748 3104 2922 3113 2927 3069 2927 3030 2771 3021 2693 2986 2690 2986 2612 2984 2609 2984 2607 2984 2514 3007 2457 2988 2454 2988 2223 2984 2174 2960 2172 2960 2169 2960 1878 2967 1834 2944 1831 2944 1829 2944 1739 2956 1658 2937 1655 2937 1653 2937 1588 2958 1519 2928 1516 2928 1514 2928 1456 2937 1419 2926 1417 2926 1414 2926 1412 2926 1368 2949 1106 2940 1104 3011"/></Shape>
	    <String CONTENT="laiſser refroidir le zele que le ſeigneur vous a dōne: mais"
                    HPOS="1102"
                    VPOS="2926"
                    WIDTH="1825"
                    HEIGHT="187"></String>
          </TextLine>

          
          
          <TextLine ID="eSc_line_77807f9b"
                    TAGREFS="LT7242"
                    BASELINE="1120 3083 1810 3088 2369 3106 2894 3139" 
                    HPOS="1118"
                    VPOS="3018"
                    WIDTH="1776"
                    HEIGHT="151">
            <Shape><Polygon POINTS="1120 3083 1118 3115 1218 3109 1238 3120 1238 3122 1241 3122 1243 3122 1329 3125 1331 3125 1333 3125 1338 3122 1389 3099 1419 3113 1421 3113 1424 3113 1426 3113 1451 3102 1526 3120 1528 3120 1530 3120 1577 3113 1595 3127 1600 3132 1602 3132 1604 3132 1607 3132 1630 3127 1718 3109 1748 3129 1759 3139 1762 3139 1764 3139 1766 3139 1769 3139 1790 3129 1838 3111 1945 3134 2007 3146 2010 3146 2061 3134 2128 3120 2151 3136 2165 3148 2167 3148 2169 3148 2172 3148 2227 3139 2299 3125 2459 3127 2487 3143 2498 3148 2501 3148 2503 3148 2563 3143 2653 3136 2686 3146 2751 3166 2753 3166 2755 3166 2825 3157 2864 3169 2866 3169 2869 3169 2871 3169 2873 3169 2892 3153 2894 3139 2894 3090 2535 3081 2533 3078 2457 3046 2454 3046 2329 3041 2327 3041 2179 3069 2169 3069 2165 3067 2091 3034 2088 3034 2086 3034 1903 3041 1757 3028 1755 3028 1753 3028 1711 3039 1669 3028 1667 3028 1665 3028 1662 3028 1660 3028 1637 3044 1570 3044 1435 3018 1433 3018 1431 3018 1394 3039 1120 3039 1120 3083"/></Shape>
	    <String CONTENT="plus toﬅ oﬅimez que ces luy meſme qui vous ſolicite &amp; vous"
                    HPOS="1118"
                    VPOS="3018"
                    WIDTH="1776"
                    HEIGHT="151"></String>
          </TextLine>

          
          
          <TextLine ID="eSc_line_dbe823f7"
                    TAGREFS="LT7242"
                    BASELINE="1134 3176 1776 3169 2626 3210 2950 3238" 
                    HPOS="1132"
                    VPOS="3099"
                    WIDTH="1818"
                    HEIGHT="165">
            <Shape><Polygon POINTS="1134 3176 1132 3210 1234 3215 1236 3215 1238 3215 1241 3215 1287 3192 1324 3217 1326 3217 1329 3217 1331 3217 1333 3217 1336 3217 1445 3187 1646 3197 1685 3227 1688 3227 1690 3227 1692 3227 1695 3227 1753 3199 1799 3199 1952 3203 2007 3238 2012 3241 2014 3241 2017 3241 2019 3241 2021 3241 2030 3238 2074 3224 2118 3241 2121 3241 2123 3241 2125 3241 2128 3241 2183 3215 2239 3245 2241 3245 2243 3245 2246 3245 2248 3245 2250 3245 2281 3227 2396 3234 2399 3234 2401 3234 2440 3220 2494 3238 2496 3238 2498 3238 2644 3236 2688 3257 2697 3261 2700 3261 2945 3264 2950 3238 2947 3185 2697 3173 2644 3141 2642 3141 2639 3141 2572 3139 2570 3139 2568 3139 2482 3169 2480 3169 2378 3169 2373 3166 2304 3129 2301 3129 2225 3127 2223 3127 2220 3127 2174 3153 2100 3127 2098 3127 2095 3127 2093 3127 2019 3153 1963 3132 1961 3132 1959 3132 1956 3132 1954 3132 1935 3143 1778 3139 1658 3109 1521 3106 1519 3106 1516 3106 1454 3127 1373 3099 1370 3099 1368 3099 1366 3099 1301 3132 1299 3132 1294 3132 1227 3115 1225 3115 1134 3125 1134 3176"/></Shape>
	    <String CONTENT="haﬅe. Et quāt il y auroit quelque īſirmite en vous priezle"
                    HPOS="1132"
                    VPOS="3099"
                    WIDTH="1818"
                    HEIGHT="165"></String>
          </TextLine>

          
          
          <TextLine ID="eSc_line_6beb3190"
                    TAGREFS="LT7242"
                    BASELINE="1113 3261 1887 3257 2727 3319 2938 3326" 
                    HPOS="1111"
                    VPOS="3201"
                    WIDTH="1827"
                    HEIGHT="158">
            <Shape><Polygon POINTS="1113 3261 1111 3291 1231 3296 1234 3296 1236 3296 1324 3273 1382 3289 1384 3289 1387 3289 1553 3275 1616 3275 1641 3298 1641 3301 1644 3301 1646 3301 1648 3301 1651 3301 1699 3280 1986 3291 2065 3328 2067 3328 2070 3328 2072 3331 2109 3331 2109 3328 2111 3328 2114 3328 2151 3303 2167 3315 2169 3315 2172 3315 2174 3315 2230 3303 2255 3324 2257 3324 2260 3324 2262 3324 2264 3324 2306 3308 2406 3308 2517 3345 2519 3345 2521 3345 2524 3345 2531 3345 2690 3328 2748 3354 2751 3354 2753 3354 2931 3359 2938 3326 2938 3268 2505 3266 2461 3254 2380 3236 2278 3234 2276 3234 2274 3234 2243 3247 2237 3250 2230 3247 2183 3229 2181 3229 2179 3229 2093 3243 2088 3243 2084 3243 2026 3224 2023 3224 2021 3224 1961 3231 1639 3208 1637 3208 1563 3227 1558 3227 1551 3227 1498 3210 1495 3210 1493 3210 1491 3210 1465 3222 1352 3206 1350 3206 1347 3206 1322 3217 1264 3206 1262 3206 1213 3215 1208 3215 1206 3215 1178 3201 1176 3201 1174 3201 1113 3210 1113 3261"/></Shape>
	    <String CONTENT="qᴖ premieremēt il la vueille corriger: et de vᴖre part employez"
                    HPOS="1111"
                    VPOS="3201"
                    WIDTH="1827"
                    HEIGHT="158"></String>
          </TextLine>

          
          
          <TextLine ID="eSc_line_4d70d657"
                    TAGREFS="LT7242"
                    BASELINE="1111 3335 1843 3333 2074 3359 2487 3382 2873 3389" 
                    HPOS="1109"
                    VPOS="3282"
                    WIDTH="1764"
                    HEIGHT="125">
            <Shape><Polygon POINTS="1111 3335 1109 3352 1162 3372 1164 3372 1167 3372 1310 3359 1345 3379 1347 3379 1350 3379 1352 3379 1354 3379 1357 3379 1389 3359 1396 3356 1722 3359 1836 3361 1854 3375 1878 3391 1880 3391 1882 3391 1885 3391 1887 3391 1931 3377 1968 3366 2146 3384 2278 3398 2281 3398 2327 3391 2341 3389 2869 3407 2873 3389 2873 3347 2667 3342 2665 3340 2646 3326 2644 3326 2642 3326 2639 3326 2637 3326 2635 3326 2619 3338 2616 3338 2380 3338 2366 3331 2308 3298 2306 3298 2304 3298 2301 3298 2239 3322 2211 3296 2209 3296 2206 3296 2165 3296 2162 3296 2160 3296 2088 3322 2072 3326 2023 3319 1827 3289 1449 3282 1447 3282 1445 3282 1382 3298 1347 3308 1299 3296 1282 3294 1280 3294 1257 3296 1162 3305 1111 3291 1111 3335"/></Shape>
	    <String CONTENT="vous a combatre alencōtre pour la ſurmōter: ſecondement"
                    HPOS="1109"
                    VPOS="3282"
                    WIDTH="1764"
                    HEIGHT="125"></String>
          </TextLine>

          
          
          <TextLine ID="eSc_line_0fce6f24"
                    TAGREFS="LT7242"
                    BASELINE="1139 3433 1704 3414 2927 3493" 
                    HPOS="1137"
                    VPOS="3352"
                    WIDTH="1790"
                    HEIGHT="185">
            <Shape><Polygon POINTS="1139 3433 1137 3453 1264 3460 1266 3460 1269 3460 1333 3433 1391 3458 1394 3458 1396 3458 1398 3458 1454 3437 1505 3451 1507 3451 1509 3451 1512 3451 1535 3440 1651 3440 1748 3444 1799 3467 1801 3467 1803 3467 1968 3458 2037 3497 2040 3497 2042 3497 2044 3497 2047 3497 2049 3497 2125 3467 2220 3481 2223 3481 2225 3481 2250 3472 2269 3486 2271 3486 2274 3486 2276 3486 2385 3477 2447 3516 2450 3516 2452 3516 2454 3516 2466 3516 2589 3509 2616 3523 2619 3523 2776 3532 2778 3532 2790 3532 2869 3518 2920 3537 2927 3493 2927 3451 2857 3426 2855 3426 2853 3426 2850 3426 2815 3444 2806 3444 2593 3437 2589 3435 2528 3403 2526 3403 2433 3398 2431 3398 2329 3421 2241 3389 2239 3389 2237 3389 2181 3391 2179 3391 2176 3391 2149 3409 2098 3382 2095 3382 2093 3382 2026 3396 2007 3379 2005 3379 2003 3379 2000 3379 1998 3379 1968 3396 1940 3377 1938 3377 1935 3377 1933 3377 1885 3384 1803 3370 1801 3370 1799 3370 1762 3382 1595 3359 1593 3359 1590 3359 1549 3375 1516 3354 1514 3354 1512 3354 1463 3352 1461 3352 1458 3352 1380 3377 1139 3368 1139 3433"/></Shape>
	    <String CONTENT="priezle quāt il vous verroit eﬅre trop tardifve a marcher,"
                    HPOS="1137"
                    VPOS="3352"
                    WIDTH="1790"
                    HEIGHT="185"></String>
          </TextLine>

          
        </TextBlock>
        
        <TextBlock HPOS="1850"
                   VPOS="3629"
                   WIDTH="146"
                   HEIGHT="128"
                   ID="eSc_textblock_83b2a800"
                   TAGREFS="BT17545">
          <Shape><Polygon POINTS="1996 3666 1977 3747 1850 3757 1873 3629"/></Shape>
          
        </TextBlock>
        
        <TextBlock HPOS="509"
                   VPOS="129"
                   WIDTH="2459"
                   HEIGHT="3396"
                   ID="eSc_textblock_77151e51"
                   TAGREFS="BT17545">
          <Shape><Polygon POINTS="1248 138 1324 212 1838 222 1894 340 1961 351 2174 296 2616 324 2598 386 2477 405 1831 377 1482 425 2607 453 2968 509 2959 3525 1102 3470 1055 2349 1093 979 1055 444 1102 398 1053 331 509 303 509 240 627 222 694 138 1030 129"/></Shape>
          
        </TextBlock>
        
        <TextBlock HPOS="1850"
                   VPOS="3629"
                   WIDTH="146"
                   HEIGHT="128"
                   ID="eSc_textblock_d3d1836f"
                   TAGREFS="BT17545">
          <Shape><Polygon POINTS="1996 3666 1977 3747 1850 3757 1873 3629"/></Shape>
          
        </TextBlock>
        

        
      </PrintSpace>
    </Page>
  </Layout>
</alto>
