3117 4123
678 183 532 96 24 juin [ 1544.]

467 240 1277 131 Calvin à Jaques le Franc. (=  M. de Falais)

2257 263 491 89 Calv. op. n° 562.

1159 368 1726 133 Monſ῀eur ie cōmenceray par vous faire noz excuſes, de ce

1171 467 1742 105 que nous auons ſi long temps differe a vous faire ſcauoir de

1184 538 1738 96 noz nouuelles. Ie vous aſſeure qᴖ ſi le temps vous a ſemble

1168 604 1754 112 long, ce na pas eﬅe ſans languir de noﬅre coﬅe, a cauſe qᴖ nous

1178 671 1696 105 ne pourions pas nous acquiter enuers vous ſelon vᴖre deſir.

1171 735 1684 123 ſi les paſſages euſſent eﬅe ouuerts, nous neuſſeions pas eﬅe en

1097 808 1816 128 ceﬅe difficulte. Mais il ne vous fault ia aduertir quel a

1180 881 1753 119 eﬅe le temps depuis le retour du bon ſeigneur David. De vous

1166 950 1726 126 enuoier hōme de nᴖre nation, pendant que les choſes eﬅoient

1164 1014 1771 151 ainſi enflambees, nons ny voions pas grāt propos. A ceﬅe

1171 1088 1748 148 cauſe nous aduiſaſmes, denuoier querir un hōme demeurant

1152 1161 1749 153 a ﬅraſbourg, lequel eﬅoit voﬅre voiſin : conſiderāt auſſi

1171 1223 1728 176 quil vous ſeroit plus propre qu'un aultre, a cauſe du

1161 1303 1710 172 pais. Or pource quil eﬅoit allé faire vn voiage, nous

1157 1383 1753 153 neuſmes pas ſi toﬅ reſponſe de luy. Depuis en nous eſcriuāt

1161 1459 1671 155 il nous remiﬅ au retour de Bucer, lequel eﬅoit encor

1157 1527 1675 151 pour lors a ſpire. Voila cōme le temps ſeﬅ paſſe a

1152 1607 1678 163 noﬅre grant regret: daultāt qᴖ nous nauions pas entre

1152 1683 860 101 mains dequoy vous contenter

1145 1743 1740 169 Or cōment il ſeﬅ faict, que noﬅre eſperāce ait eﬅe encor

1145 1814 1738 167 fruﬅree touchant ceﬅuy la, vous le pourrez voir par ſes

1132 1901 1696 149 lettres, et ꝑ vn extraict des lᴖres de Bucer que ie vous

1134 1972 1751 137 enuoye. Je preſent porteur nous a eﬅe enuoye au lieu

1129 2040 1632 133 oultre noﬅre opinion. Toutefois nous nen ſōmes pas

1134 2102 1776 158 marris. Car nous eſperons bien ſire David et moy, quil

1129 2182 1687 147 ny aura rien de ꝑdu en leſchange. Il eﬅ ſeur en la

430 2276 585 97 | il y eﬅ bien exerce

1125 2237 1760 179 doctrine, qui eﬅ utile a edification. Car oultre ce quil la

426 2336 584 108 pour en reſpondre.

1123 2334 1645 144 pure et ſaine, | il eﬅ modeﬅe, pour ne ſaduācer point

449 2421 250 100 Au reﬅe,

1118 2400 1797 156 oultre ſa meſure. Oultre plus, il neﬅ point adōne a gloire

1123 2480 1764 163 ny a cupidite de ſe monﬅrer. Qui eﬅ une mauluaiſe peﬅe

1123 2551 1783 172 en beaucoup. Il monﬅre un zele daduācer le regne de

1116 2622 1670 174 nᴖre ſeigneur Ieſus tel quil doit eﬅre en ſes miniﬅres.

1102 2705 1783 171 Il a quā et quāt vne vie pour approuuer ſa doctrine. Et

1106 2769 1797 189 quāt a ſa facon, vous le trouverez traictable. Or affin de vous

1113 2856 1660 172 aduertir de ce qui pourroit defaillir en luy : il eﬅ vray

1109 2936 1778 197 quil neﬅ pas fort ruſe aux ſciences humaines : et neﬅ pas

1106 3030 1784 165 garny de la congnoiſſance des langues : meſmes en la langue

1092 3085 1815 227 latine il neﬅ pas des plus diſertz : combien quil y ſoit īﬅruit

1088 3183 1770 170 aultāt q῀ meﬅier eﬅ pour ſon eﬅat. Ce qui ſuffit. ſa langue

1097 3270 1811 174 maternelle ne vous ſera poſſible fort plaiſante du cōmēcemēt.

1090 3341 1834 175 Mais ie me tiens aſſeure qᴖ cela ne vous empeſchera a prendre

1089 3401 1818 251 plaiſir a ſes predications. Daultāt que la ſubﬅāce recōpen-
