3117 4123
946 352 1994 108 Et ceﬅ la cauſe pourquoy il y en a tant qui cheminēt en eſcreuices :

971 428 2015 94 pource qu'eﬅans, decenz ꝑ haulſe imagination que ceﬅ aſſez dauoir vne

960 503 1934 92 fois entendu la verite ilz ſanonchaliſſent, meſpriſant lexercice

962 581 1964 80 quotidien qui nous eﬅ tant neceſſaire a tous. Ainſj nous eﬅtans inﬅruitz

962 639 2033 98 tant ꝑ leur exemple qᴖ par noﬅre experiēce propre, combien il nous

967 710 1955 87 eﬅ meﬅier, dauoir touſiours ſainctes exhortations de la ꝑole de n῀re

955 774 2008 89 Dieu cōme vn eſperon pour nous picquer guardons bien de nous en

939 838 2045 103 reculler. Nous voions cōme Dauid eﬅant entre les philiﬅins, combien

522 868 394 121 Munﬅirs

951 896 2018 127 quil ne ſe cōtaminat pas en idolatrie, regrette quil ne ſe peult

598 987 291 98 genst.

921 972 2069 142 trouuer au temple en Ieruſalem, pour ſ'edifier tāt ꝑ la predi-

529 1055 2480 106 plenus laqueis  cation de la loy, et les ſainctes ordōnances de Dieu. Cōme ce ſont

978 1124 1980 108 cōfirmations pour ayder & ſubuenir a noﬅre foibleſſe. Ie prye

971 1204 1951 108 doncq le ſeigneur de vous maīntenir touſiours en ce propos, affin

948 1271 1921 127 qᴖ ſoiez pleinemēt conforme a noﬅre pere Abraham, lequel

974 1358 1994 117 non ſeulemēt abādonna le pais de ſa natiuite, pour ſuiure Dieu,

974 1449 1845 94 mais eﬅant venu en la terre de Chanaan dreſas īcontinēt vn

976 1527 1872 106 aultel, pour ſexercer au ſeruice et en ladoration de Dieu.

941 1645 2021 131 Quāt a ce que vous craingnez que ie trouue eﬅrange le changemēt

978 1731 1847 99 de voﬅre deliberation : īe ſerois trop īnhumain, ſi ce ne vous

983 1795 1975 122 concedois d'uſer d'un tel et ſi bon moien, puis que noﬅre ſeigneur

969 1882 1918 103 vous la offert oultre voﬅre eſperāce. Non pas que ce neuſſe

983 1963 1957 100 deſire de vous voir, pour iouir de la conſolation et ioye qᴖ

983 2034 1975 109 iattendois de vᴖre preſence : et quil ne me face mal deﬅre priue

980 2118 1962 101 dun tel bien. Mais ie regarde daultre coﬅe, que vous ſeriez cōme

987 2185 1944 123 ingratz a Dieu en nacceptāt point la condition, laquelle vous

992 2265 1884 121 eﬅ preſentee de luy plus que des hōmes. Au reﬅe ie vous

987 2350 1923 114 aſſeure bien, que ſi ceﬅois en ma liberte, et q῀ le ſeigneur ne

985 2423 1824 114 ̶p̶e̶ m'euﬅ point lye īcy, ou quil me donnat conge pour vn

985 2503 1964 128 temps, que ie ne vouldrois faillir a vous aller viſiter, pour

974 2570 1966 137 ſatiſfaire a voﬅre deſir et au mien. Quāt a vous voir, encor

524 2650 2407 121 O captatorius nen ayie pas perdu leſperance. Non pas que iy voye grande

531 2725 433 87 vn piscise, et ille

974 2725 1973 133 ayſance de mon coﬅe, mais pource qᴖ ie me cōfie, que nᴖre ſeigneur en

538 2801 225 91 ſed rē

974 2812 1968 117 ouurira quelque moien. Commēt quil en ſoit : le principal eﬅ, que

978 2872 1962 137 nous ſoions touſiours conioictz enſemble en celluy qui eﬅ pere de

983 2957 1907 105 toute vnite cōme ie men tiens pour aſſeure : et nō ſeulemēt

992 3023 1907 117 pour trois iours que nous auons a viure en ce monde : mais

987 3085 1955 153 eternellemēt en ſon Royaulme. Pour faire fin, Monſ῀eur, apres

990 3167 1936 140 meﬅre humblemēt recōmāde a vᴖre bonne grace, ie ſupplye

999 3250 1927 117 ce bon Dieu de vous auoir touſiours en ſa protection auec bᴖre

983 3337 1955 112 famille, vous acroiſſant les dons quil a mis en vous, iuſque

976 3408 1950 124 a ce quil vous ait mene a la derniere ꝑfection de ſes enfans.

992 3493 642 119 Ce xxiiii. de Iuing

1673 3538 1227 162 Voﬅre ſeruiteur, humble frere & entier

1702 3635 422 132 amy a iamais

2130 3635 784 250 Charles Deſpeuille
