3033 4118
785 347 1888 176 ſera bien ce default. Il craingnoit de neﬅre pas aſſez bien aprins

790 425 1799 165 en ciuilite humaine. Mais nous luy auons dict qᴖ ce ne ſeroit pas

807 487 1896 178 crime mortel enuers vous. Il y a vn bien, qᴖ vous le pourrez

801 565 1906 171 admoneﬅer priuemēt de tout ce qui vous ſemblera, ſans doubtez

800 631 1927 185 quil en ſoit offenſe. Et ieſpere quil ſe rendera ductile. Brief il

801 716 1863 171 nous trompera bien : ou il ſera tellemēt que nous naurōs pas

808 789 1787 160 occaſion de nous repentir de lauoir enuoye : et nen aurons

808 876 849 82 point de plainte de vous.

812 928 1911 144 Touchant du traittemēt, nous ne luy en auons point ꝑle : ſcachant

808 1002 1767 130 bien que ce neﬅ pas cela ou il ſ'arreﬅe. Car auſſi quāt il ſe

817 1075 1723 121 chercheroit, ſon voiage ne ſcauroit venir a profict. De

819 1141 1863 142 meſcontentement il ny a nul dangier quil y en ait de ſa part.

826 1212 1817 149 Et de  ̶ſ̶ vous, ie me tiens plus qᴖ certain que vous ne luy en

820 1276 1862 158 dōnerez occaſion. ſeulemēt ie vous prye, Mouſ῀eur, de le

830 1356 1843 156 receuoir cōme ſeruiteur de Dieu, pour vous ſeruir de ce

837 1432 1664 130 que le ſeigneur luy a donne auec vᴖre famille : a ce q ſon

835 1503 1808 167 miniﬅre ne ſoit pas īutile. De lordre & facon de proceder,

835 1573 1818 172 en predications et en adminiﬅrāt les ſacremēs, nous en auons

844 1663 1845 158 conſulte. Mais ce ſera a vous den conclurre enſemble ſur le

833 1736 1790 151 lieu. Toutefois il vous declairera ce qui nous a ſemble

837 1809 1809 158 aduis bon : affin que ſur cela vous preniez conſeil. Quāt a

844 1887 1774 142 cela, nous auons noﬅre rigle infallible, daccōmoder le tout

840 1953 1813 160 a edification. Oz pour diſcerner ce qui eﬅ propre a edifier,

855 2017 1758 186 ceﬅ au ſeigneur de nous donner la prudence, auquel vous

849 2139 499 68 aurez recours.

830 2187 1772 132 Maintenāt, Monſ῀eur, pour reſponse de voz letres, ie rens

849 2274 1829 103 graces a noﬅre ſeigneur de ce quil vous a fortifie en conﬅāce,

827 2323 1848 144 pour vous faire ſurmonter toutes les tentations qui eﬅoiēt

862 2399 1729 117 pour vous empeſcher et diﬅraire de vous venir rendre en

851 2460 1807 134 lieu, ou vous le penſſiez adorer puremēt : et na pas ꝑmis

865 2536 1845 123 qu'auec la plus part de ceux quil a illumine en la cōgnoiſſāce

867 2610 1774 135 de ſon nom, vous aiez preſere le monde a ſon honeur, vous

862 2690 1804 121 endormāt en la fange qui euﬅ eﬅe pour vous ſuffoquer en

862 2752 1788 126 la fin. Or ſi ceﬅe vertu de vous oublier, et deﬅourner vᴖre

862 2823 1836 130 conſideration de toutes choſes qui eﬅoiēt a lentour de vous, et de

860 2896 1843 119 rompre les lyens dont vous eﬅiez detenu a eﬅe vne ſinguliere

872 2955 1842 131 grace de nᴖre bon pᴖre celeﬅe, cōme il a cōmēce en cela loeure

862 3006 1854 157 de ſa miſericorde enuers vous, auſſi la il pourſuiuy en vous

890 3099 1781 106 meﬅant au cueur, que ce neﬅoit pas aſſez de vous eﬅre

875 3157 1769 137 retire des pollutions ou vous eﬅiez, ſinon qᴖ vous euſſiez

888 3237 1783 119 iournellemēt ſa parole, pour vous confermer a ꝑſeuerāce, et

883 3301 1808 130 vous īciter a marcher touſiours plus oultre. Nous exꝑimētons

882 3373 1773 144 bien noﬅre fragilite eﬅre telle, que ſi nous ne ſōmes poulſez

888 3463 1794 133 dheure en heure, nous ſōme īcontinēt refroidis de nᴖre zele.
