2479 3508
383 77 384 88 Je penſe qu'il y a une

387 148 324 68 Copie de ceﬅe lᴖre.

2268 132 64 57 35.

496 192 168 39 J. Calvin

272 204 456 100 Au Roy d'Angleterre.

1207 195 1087 73 ſi i'avoye a vous requerir pour moy meſme, ie

789 284 1469 70 ſire, combien que  ̶i̶e̶ ̶n̶'̶o̶ſ̶e̶r̶o̶i̶s̶ ̶p̶a̶s̶ ̶v̶o̶u̶s̶ ̶r̶e̶q̶u̶e̶r̶i̶r̶ ̶p̶o̶u̶r̶

1210 235 939 69 n'aurois pas la hardiesse de le faire

294 344 401 133 J. Bonnet J1 p 374

773 327 1604 95 ̶m̶o̶y̶ ̶m̶e̶ſ̶m̶e̶ : toutefois ie croy que vous ne prendrez point mal

804 378 1561 91 que ie vous ſace une requeﬅe pour aultruy, ayant entendu

789 432 1489 103 neceſſite qui m'y contrainct, et le merite de la cause,

783 495 1458 93 laquelle ne vous eﬅ pas moins recōmandee qua moy.

783 543 1561 167 Ceﬅ ſire quil y a un gentilhome François detenu priſōni-

798 610 1534 141 er a Paris pour quelques lᴖres quon a ſurprinſez eſcrites

789 682 1547 132 de luy a lun de noz amis, lequel eﬅois lieutenāt Royal

795 752 1508 113 en la ville de Noyon dont ie ſuis natif, et ſeﬅ retire

797 814 1463 125 ꝑ deca. Ioinct auſſi qᴖ led gentilhōme eﬅoit deſia

783 873 1536 128 tenu ſuſpect quāt au faict de la religion: et pource quil

785 933 1541 154 eﬅoit hōme de quelque qualite, on veilloit ſur luy. Qui

789 996 1552 147 a eﬅe cause de ſa prinse. Or ſi mon teſmognage a quelque

793 1067 1549 139 poix envers vᴖre Maieﬅe: ie vous puis aſſeurer, ſire, que

810 1122 1431 142 ceﬅe un hōme dun auſſi bon eſprit, excellent en toute

789 1186 1555 149 honeﬅete & vertu, et doue de toutez graces qui  ̶p̶e̶--- ̶t̶

2280 1201 58 85 -

789 1249 1534 144 ̶d̶ō̶n̶e̶r̶ ̶e̶t̶----  ̶f̶a̶n̶-- ̶t̶ ſont dignes, deﬅre priseez et

793 1323 1522 123 aymees, ſur tout conferme en la crainte de Dieu, quon en

781 1377 1501 141 ſcauroit rencontrer. Ie ſcay bien que ceﬅe luāge eﬅ

795 1438 1539 150 grande: mais quāt vous lauriez cogneue ſire, ie ne doubte

769 1504 1526 135 pas qᴖ vous le iugeriez tel, et ſcauriez qᴖ ie ne paſſe

806 1582 1503 127 point meſure. Or eﬅant aymé de tous grās et petitz,

802 1635 1445 134 meſme de Monſieur de Vedoſme & aultres princes, il

799 1707 1471 115 ny a que la querele de IeſuſChiﬅ, pour laquelle il ſoit

789 1756 1447 138 hay ou  ̶r̶e̶-- reieﬅe, laquelle vous eﬅ ſi favorable,

674 1822 1565 134 ſire, que ieſpere bien, que vous ne refuſerez point a le

806 1888 1494 123 ſecourir, ſil y a moien. Ie ſcay qᴖ vᴖre Maieﬅe ne peult,

732 1956 1540 125 pas ayder, cōme il ſeroit a ſouhaiter,  a tous ceux qui

804 2020 1509 133 travaillēt et ſont ꝑsecutez pour levāgile. Mais quāt vᴖre

802 2083 1470 140 bon plaiſir ſera vous employer pour celluy dont il eﬅ

800 2155 1509 136 queſtion, ſoiez certain, ſire, quen la ꝑſonne dun hōme

793 2221 1518 127 nous en ſoullagerez  ̶u̶n̶ ̶n̶o̶m̶b̶r̶e̶ ̶i̶n̶f̶i̶n̶y̶, lequelz ſont

1344 2210 260 64 beaucoup

802 2274 1491 136 maītenāt ſort eﬅōnez: cōme auſſi lez ennemis de verite

802 2342 1517 140 en cuidēt bien faire leurs trūphes, quāt ilz en ſeroiēt

526 2424 163 97 Mais

810 2408 1444 131 venuz a bout.  ̶O̶r̶ pou ne point importuner dadvā

777 2461 1509 155 taige vᴖre Maieﬅe, je ne vous feray plus long recit du

311 2529 131 68 ----

1286 2528 465 64 ſi bon vous ſemble,

376 2564 315 80 ꝑ ce qᴖ le

754 2534 1564 149 faict: lequel pourrez, entendre mieux ------. ſeulemēt

346 2617 1975 117 gētilhōme ꝑſēt  ie vous ſupplye au nom de Dieu le plus affectueuſemēt

325 2677 1953 135 porteur en declairera quil meﬅ poſible, voire daultāt grand deſir qᴖ ie

800 2745 1493 121 le vouldrois faire pour ma propre vie quil vous plaiſe

795 2797 1473 140 moctroier ceﬅe requeﬅe, de le faire demāder au Roy

789 2861 1505 147 de France: affin quil le laiſſe aller hors de ſon pais

800 2952 1472 109 avec ſa fēme et ce quil pourra retirer de ſon bien. En

816 2997 1468 127 ce faiſant nō ſeulemēt vous m'obligerez a prier Dieu

795 3059 1524 133 pour vᴖre proſperite de plus en plus, mais un nōbre

804 3120 612 107 īfiny de bons fideles.
